2991 4382
114 128 1045 180 verletzt worden. Dagegen ist sein Automobil stark
114 177 1042 228 beschädigt, ebenso zeigt jenes des Grafen Harrach,
112 221 1041 270 worin Ihre Hoheiten gefahren waren, zahlreiche durch
112 266 714 315 Bombensplitter verursachte Löcher
153 314 588 361 Vom Publikum wurde
600 313 1041 364 mand lebensgefährlich
110 358 1038 409 verletzt. Schwerere Verletzungen haben Frau Forstrat
507 403 795 454 Mich erlitten.
111 403 502 454 Probst und Offizial
153 450 426 499 Sarajevo 29.
153 496 1035 547 Gestern wurde in der kroatischen Schul-
425 539 1035 589 Demonstration mit antiserbi-
106 540 402 593 jugend ein
110 587 1034 636 schem Charakter veranstaltet. Die Ruhe wurde jedoch
105 632 1034 681 durch herstrückendes Militär wieder hergestellt. Das
105 677 1033 729 Militär wurde von den Demonstranten mit stürmischen
104 722 871 777 Zivil Rufen und Händeklatschen empfangen.
131 769 975 820 Sonst wurde die Ruhe in keiner Weise gestört.
336 830 792 883 Die Trauer in Wien.
147 886 1029 942 Se. Exzellenz Bürgermeister Dr. Weiskirchner,
99 933 1029 984 der sich gestern nach Hall begeben hatte, wird heute
99 980 1028 1029 nachmittag hieher zurückkehren. Auf den Ecktürmen
99 1025 1027 1074 des Rathauses wurden Trauerfahnen gehißt, ebenso
99 1070 1026 1119 wehen von sämtlichen öffentlichen Gebäuden der Ge-
99 1115 1026 1164 meinde schwarze Fahnen. In Wien sind auch bei
96 1163 1023 1209 vielen Privathäusern bereits schwarze Fahnen aus-
97 1209 246 1257 gehängt.
141 1253 1023 1302 Auf telephonische Anordnung des Bürgermeisters
96 1298 1023 1347 wird sich der Wiener Gemeinderat morgen
96 1346 1021 1395 (Dienstag) vormittag 11 Uhr zu einer Trauersitzung
96 1392 1021 1440 versammen. Die Kundgebung des Gemeinderates soll
95 1437 1020 1485 durch eine Deputation Sr. Majestät dem Kaiser
94 1482 429 1527 übermittelt werden.
138 1526 1017 1575 Der für nächsten Mittwoch in Aussicht genommene
94 1571 1014 1620 Empfang des Kaufmannstages im Rathaus unterbleibt.
94 1620 1014 1665 Die für Donnerstag anberaumte Überreichung von
93 1664 1014 1710 Auszeichnungen sowie die sonstigen Feierlichkeiten des
93 1709 1014 1755 ersten Donnerstags wurden bis auf weiteres ver-
93 1757 228 1803 schoben.
131 1802 1014 1851 Zu Beginn der heutigen Sitzung des Inter-
86 1847 1014 1896 nationalen Kaufmannstages in der Volks-
83 1892 1013 1941 halle des Rathauses richtete der Vorsitzende Präsident
87 1937 1012 1989 Ratz an die Versammlung eine Ansprache, worin er
84 1982 981 2031 der tiefen Trauer der Versammlung Ausdruck gab.
132 2030 1011 2079 Die Aufführung des Merkur-Festspieles, die zur
84 2075 1010 2124 Feier des Internationalen Kaufmannstages gestern
87 2121 1009 2169 zum ersten Male hätte stattfinden sollen, wurde ab-
84 2169 205 2217 gesagt.
132 2214 1008 2262 Die Wiener Börsekammer wird morgen
84 2258 1007 2307 um 11/2 Uhr Nachmittags eine Trauerkundgebung an-
84 2303 1005 2352 läßlich des Ablebens Sr. k. und k. Hoheit des durch-
84 2350 1005 2400 lauchtigsten Herrn Erzherzogs Franz Ferdinand
81 2397 243 2445 abhalten.
417 2490 639 2537 (Telegramme.)
204 2536 885 2590 Die Trauer in den Kronländern.
123 2592 543 2644 Bad Ischl, 29. Juni.
123 2641 1006 2691 Unter Vorsitz des Bürgermeisters kaiserlichen Rates
78 2687 1005 2736 Leithner fand heute um11 Uhr Vormittags
78 2733 1002 2781 eine feierliche Trauersitzung der gesamten Ge-
78 2777 1002 2826 meindevertretung statt. Der Bürgermeister
78 2825 1002 2871 gab zunächst der Empörung über das fluchwürdige
78 2870 1002 2919 Verbrechen Ausdruck, dem der Herr Erzherzog-
78 2915 1001 2964 Thronfolger und die Herzogin Hohenberg zum Opfer
75 2960 999 3009 gefallen sind. Die ganze Monarchie empfinde darüber
75 3005 1000 3054 den tiefsten Schmerz. In dieser Stunde wolle er nur
75 3053 999 3102 der Hoffnung Ausdruck geben, daß Se. Majestät
75 3098 998 3147 die Kraft aufbringen möge, den Ihm zugefügten
75 3143 998 3192 Schicksalsschlag zu ertragen. Die Gemeinde Bad
72 3188 997 3240 Ischl, schloß der Bürgermeister, deren Geschicke mit
72 3233 996 3282 der Allerhöchsten Person Sr. Majestät des Kaisers
72 3280 995 3330 auf das innigste verknüpft sind, sei besonders schwer
72 3326 995 3375 betroffen worden durch das Leid, das der Monarch
69 3374 375 3423 zu ertragen hätte.
114 3419 993 3465 Auf Vorschlag des Bürgermeisters wurde sodann
69 3464 915 3510 die Absendung nachstehender Depesche beschlossen:
117 3510 993 3555 An Se. Exzellenz den Generaladjutanten Grafen
69 3557 183 3603 Paar.
114 3599 992 3648 Unter dem Eindrucke der erschütternden Nachricht
69 3645 992 3693 von dem schweren Schicksalsschlage, der Se. k. und k.
72 3689 992 3738 Apostolische Majestät unseren geliebten Kaiser und
69 3737 992 3783 das Allerhöchste Kaiserhaus betroffen hat, hat sich die
69 3782 992 3831 Gemeindevertretung heute zu einer außerordentlichen
66 3827 992 3876 Trauersitzung versammelt. In derselben wurde dem
66 3875 991 3921 tiefsten Abscheu über das unselige Verbrechen Ausdruck
68 3917 991 3969 gegeben, dem Se. k. und k. Hoheit der durchlauch-
66 3965 990 4014 tigste Herr Erzherzog Franz Ferdinand und
66 4010 792 4059 dessen Gemahlin zum Opfer gefallen sind.
108 4058 991 4104 Die Gemeindevertretung von Bad Ischl bittet Eure
61 4103 990 4149 Exzellenz, Sr. k. und k. Apostolischen Majestät
63 4147 990 4194 die innigste Anteilnahme der gesamten Bevölkerung
60 4189 990 4242 von Bad Ischl gütigst übermitteln zu wollen und
63 4237 990 4284 Sr. k. und k. Apostolischen Majestät in diesen Tagen
1068 131 1992 186 des Schmerzes die unwandelbare Liebe für Se. Ma-
1068 180 1991 234 jestät sowie die treueste Anteilnahme für die Geschicke
1065 224 1991 279 des gesamten Herrscherhauses zum ehrfurchtsvollen
1065 269 1443 318 Ausdrucke zu bringen.
1104 314 1989 372 Namens der Gemeindevertretung von Bad Ischl:
1061 359 1584 411 Bürgermeister Franz Leithner.
1101 407 1431 456 Graz, 29. Juni.
1101 449 1986 507 Auf der Bevölkerung der Stadt und des Landes
1059 497 1987 555 lastet mit unverminderter Schwere die furchtbare
1056 542 1986 597 Katastrophe von Sarajevo. Bis in die späten Nacht-
1055 587 1983 642 stunden des gestrigen Tages und heute schon in den
1056 635 1984 690 ersten Morgenstunden waren die Straßen der Stadt
1056 680 1983 735 überaus belebt. Mit allen Zeichen des Entsetzens
1056 725 1983 780 wurden die Extra-Ausgaben der Blätter gelesen. Vor
1056 770 1983 825 dem Geburtshause des durchlauchtigsten Herrn Erz-
1054 818 1983 873 herzogs Franz Ferdinand in der Sackstraße
1054 863 1980 918 sammelten sich viele Personen an und besprachen mit
1054 909 1941 963 Tränen in den Augen das fürchterliche Geschehnis.
1092 953 1523 1005 Innsbruck, 29. Juni.
1092 998 1978 1056 Die erschütternde Kunde von dem furchtbarem
1053 1043 1977 1098 Attentat in Sarajevo wurde in den Nachmittags-
1053 1092 1978 1146 stunden durch Extra-Ausgaben der Blätter bekannt
1053 1136 1978 1191 und rief allenthalben größte Entrüstung und Abscheu
1050 1182 1978 1238 hervor. Auf dem Rathause wurde die Trauerflagge
1050 1230 1975 1284 gehißt, worauf auch die übrigen städtischen und die
1050 1271 1975 1329 staatlichen Gebäude Trauerschmuck anlegten. Die
1047 1316 1971 1374 Vorstellung im Theater wurde abgesagt. Ebenso
1047 1364 1968 1419 wurden die Vergnügungs-Veranstaltungen anläßlich
1044 1409 1968 1464 der Vormittags erfolgten Fahnenweihe des Militär-
1041 1454 1968 1509 veteranen-Landesbundes auf das Eintreffen der Trauer-
1041 1503 1359 1548 kunde abgebrochen.
1083 1547 1416 1596 Trieft, 28. Juni.
1080 1592 1965 1647 Hier traf die Trauerbotschaft im Laufe des Nach-
1041 1637 1963 1695 mittags ein und erweckte überall große Bestürzung.
1041 1682 1965 1737 Se. k. und k. Hoheit der durchlauchtigste Herr Erz-
1038 1730 1963 1785 herzog war erst am vergangenen Mittwoch in Triest
1038 1775 1957 1830 gewesen, als er sich an Bord der „Viribus unitis“
1038 1820 1962 1875 nach Metkovie einschiffte. Zahlreiche Gebäude der Stadt
1038 1865 1962 1920 haben bereits Trauerfahnen gehißt. Das Sommerfest
1035 1910 1962 1965 der deutschen Vereine wurde sofort nach dem Bekannt-
1035 1955 1959 2010 werden der Nachricht abgesagt. Auch das italienische
1035 2003 1960 2058 Turnfest am Montebello wurde unterbrochen, als
1035 2048 1960 2106 Podesta Dr. Valerio die erschütternde Mitteilung
1035 2093 1962 2148 machte. Sämtliche Kinematographen-Theater sowie
1032 2141 1962 2193 Konzerte und Variétés haben sofort zum Zeichen der
1032 2186 1659 2235 Trauer die Vorstellungen eingestellt.
1071 2231 1960 2286 Ministerpräsident Graf Stürgkh hat an den
1031 2276 1959 2328 Statthalter folgende Depesche gerichtet: Tief-
1031 2321 1957 2376 erschüttert gebe ich Eurer Durchlaucht Kenntnis, daß
1029 2369 1954 2421 einer mir zugekommenen authentischen Nachricht zufolge
1029 2413 1951 2469 Se. k. und k. Hoheit der durchlauchtigste Herr Erzherzog
1029 2462 1953 2511 Franz Ferdinand mit Ihrer Hoheit der Frau
1026 2507 1953 2556 Herzogin von Hohenberg heute in Sarajevo
1026 2552 1951 2604 einem fluchwürdigen Attentat zum Opfer gefallen ist.
1026 2597 1558 2647 Gezeichnet Graf Stürgkh.“
1065 2641 1950 2691 Einer Extra-Ausgabe des „Piccolo“ zufolge wird
1026 2687 1949 2739 der Gemeinderat von Triest zu einer
1026 2731 1949 2784 außerordentlichen Sitzung für Dienstag 12 Uhr
1026 2776 1948 2829 Mittags einberufen. Der Podesta wird
1026 2824 1948 2877 den Antrag stellen, daß der Gemeinderat
1026 2867 1948 2919 Sr. Majestät dem Kaiser sein Beileid ausdrücke
1023 2915 1947 2967 und an die Bevölkerung einen Aufruf erlasse, worin
1023 2961 1947 3009 sie aufgefordert wird, das Gefühl des Abscheus und
1023 3005 1946 3057 der Trauer durch Anbringung von Trauerzeichen an
1023 3053 1946 3102 den Häusern am Tage des Leichenbegängnisses zum
1023 3098 1946 3147 Ausdrucke zu bringen. Die „Lega Patriotica della
1020 3143 1944 3192 Gioventü Triestina“ hat in einer sofort nach Bekannt-
1020 3191 1944 3240 werden der Nachricht einberufenen Direktionssitzung
1020 3235 1941 3282 beschlossen, an Se. Majestät den Kaiser sowie an
1019 3280 1941 3327 den Ministerpräsidenten Beileidstelegramme
1020 3326 1941 3375 zu senden und zum Leichenbegängnis einen Kranz zu
1018 3374 1149 3423 schicken.
1056 3419 1380 3465 Prag, 29. Juni.
1056 3461 1941 3510 Auch heute bildet die furchtbare Tat den einzigen
1017 3506 1941 3555 Gesprächsstoff der Bevölkerung, welche ihrem Ensetzen
1017 3554 1941 3600 über die Tat und ihrem tiefen Mitgefühl für den
1016 3599 1938 3645 hartgeprüften Monarchen und die Familie des dahin-
1016 3644 1725 3693 geschiedenen hohen Paares Ausdruck gibt.
1056 3689 1374 3738 Prag, 29. Juni.
1056 3737 1938 3786 Auch heute wurden die Vorstellungen in den
1015 3782 1938 3831 beiden Landestheatern und im Weinberger
1014 3827 1593 3876 Stadttheater abgesagt.
1056 3875 1377 3921 Prag, 29. Juni.
1059 3917 1935 3966 Sofort nach dem Bekanntwerden der Schreckens-
1014 3962 1935 4011 nachricht von Sarajevo fanden sich zahlreiche Persön-
1014 4010 1936 4059 lichkeiten im Gebäude der Statthalterei ein, wo sie
1013 4055 1912 4104 ihren Namen in den aufliegenden Bogen eintrugen.
1053 4099 1473 4146 Beneschau, 29. Juni.
1050 4145 1932 4191 Die Schreckensnachricht rief unter der hiesigen Be-
1011 4190 1935 4239 völkerung einen niederschmetternden Eindruck hervor.
1011 4234 1935 4284 Tränenden Auges besprachen dichte Gruppen die ver-
2016 140 2943 204 abscheuungswürdige Tat. Alle Konzerte und Ver-
2015 189 2940 249 anstaltungen wurden sofort abgebrochen. Auf sämt-
2014 233 2937 297 lichen Amts- und Gemeindegebäuden und auf zahl-
2013 278 2935 345 reichen Privathäusern wurden Trauerflaggen gehißt.
2012 326 2934 387 Der Stadtrat hat für heute vormittag eine Trauer-
2011 374 2324 423 sitzung einberufen.
2052 419 2447 472 Troppau, 29. Juni.
2049 460 2931 525 Anläßlich des schlesischen Sängerbundes-
2009 509 2933 570 festes, das auf zwei Tage anberaumt war, sollte
2008 555 2931 615 gestern abend in der neu erbauten Sängerhalle ein
2007 599 2930 663 Begrüßungsabend stattfinden. Als die Trauerbotschaft
2006 644 2929 708 aus Sarajevo eintraf, wurde statt der geplanten
2005 692 2928 750 Feierlichkeit eine Trauerkundgebung veran-
2004 734 2926 798 staltet. Der Obmann des Bundes, Landesbuchhalter
2007 779 2925 843 Strauß eröffnete die Sitzung und machte von dem
2004 827 2925 888 traurigen Ereignisse Mitteilung. Sodann ergriff Vize-
2002 872 2924 936 bürgermeister Dr. Kromer das Wort, um dem
2001 917 2924 978 tiefen Schmerze der Bevölkerung über das
2001 962 2924 1026 Attentat Ausdruck zu geben. Nach ihm sprach
1999 1010 2923 1071 Reichsrats-Abgeordneter Dr. Sommer, der in einer
1998 1055 2923 1116 patriotischen Rede des schweren Verlustes gedachte, den
1998 1100 2923 1161 die Monarchie erlitten hat, und insbesondere dem
1998 1145 2922 1206 Mitgefühl der Bevölkerung für Se. Majestät
1998 1193 2920 1254 Ausdruck gab. Sodann sang die ganze Versammlung
1998 1241 2547 1290 zwei Strophen der Volkshymne.
2037 1286 2919 1344 Hierauf verdolmetschte der Delegierte des Deutschen
1998 1331 2919 1389 Sängerbundes Biller (Breslau) in warmen Worten.
1995 1376 2745 1431 das Beileid der reichsdeutschen Bevölkerung.
2034 1421 2917 1482 Schließlich wurden sowohl seitens der Bürgerschaft
1992 1466 2920 1527 von Troppau als seitens der deutschen Sängerschaft
1992 1511 2919 1569 Schlesiens an die Allerhöchste Kabinettskanzlei Beileids-
1988 1557 2346 1608 telegramme gerichtet.
2124 1627 2769 1688 Die Teilnahme des Auslandes.
2031 1689 2917 1755 Aus Berlin ist nachstehende Depesche an Se. Ex-
1989 1738 2920 1800 zellenz den Herrn Bürgermeister Dr. Weiskirchner
1989 1784 2917 1845 eingelangt: Die erschütternde Nachricht von dem
1989 1832 2913 1890 jähen Hinscheiden des im ganzen Deutschen Reiche so
1987 1877 2914 1938 hochverehrten Thronfolgers und seiner Gemahlin hat
1987 1922 2914 1983 die Bürgerschaft Berlins in schmerzlichste
1986 1967 2913 2028 Empörung und tiefste Trauer versetzt, die sich auch
1985 2015 2911 2073 äußerlich im Leben der Reichshauptstadt kundtut.
1985 2061 2911 2117 Mit der verschwisterten Kaiserstadt vom Herzen sich
1984 2105 2909 2163 eins fühlend, sendet Berlin den Ausdruck innigsten
1983 2150 2908 2208 Anteils an dem schweren Leide Österreich-Ungarns
1983 2195 2907 2253 und seines in Gottes Heimsuchungen so treu bewährten
1982 2243 2904 2298 Herrschers. Magistrat und Stadtverordneten-Ver-
1981 2287 2904 2346 sammlung der Haupt- und Residenzstadt: Wermuth.
1981 2332 2213 2382 Michelet.
2019 2385 2363 2439 Paris, 29. Juni.
2019 2431 2904 2487 Unterstaatssekretär Abel Ferry sprach dem öster-
1978 2476 2904 2535 reichisch-ungarischen Botschafter Grafen Szeesen
1978 2522 2907 2580 im Namen des von Paris abwesenden Minister-
1977 2569 2790 2625 präsidenten Viviani das tiefste Beileid aus.
2016 2622 2358 2673 Paris, 28. Juni.
2012 2671 2907 2728 In den auf der österreichisch-ungaris
1977 2716 2909 2772 schen Botschaft aufgelegten Bogen haben sich
1974 2762 2910 2817 bereits zahlreiche Persönlichkeiten eingetragen, darunter
1974 2807 2907 2862 der Pariser Militärgouverneur General Michel, der
1974 2852 2906 2907 Polizeipräfekt, die Gesandten Brasiliens, Serbiens und
1974 2897 2145 2946 Ecuadors.
2010 2944 2370 2994 Brüssel, 29. Juni.
2013 2990 2895 3045 Zahlreiche Persönlichkeiten, darunter die Mitglieder
1970 3035 2896 3090 des diplomatischen Korps sowie die Minister, haben
1971 3080 2897 3135 in der österreichisch-ungarischen Gesandtschaft ihre
1969 3125 2897 3180 Karten abgegeben. Der belgische Gesandte in Wien
1971 3173 2898 3225 ist beauftragt worden, der österreichisch-ungarischen
1968 3215 2898 3270 Regierung das Beileid der belgischen Regierung zum
1968 3263 2349 3312 Ausdrucke zu bringen.
2004 3316 2376 3366 London, 28. Juni.
2004 3364 2889 3417 König Georg hat für den verblichenen Herrn
1965 3410 2890 3462 Erzherzog Franz Ferdinand eine einwöchige
1964 3455 2891 3510 Hoftrauer angeordnet. Der Hofball, der Montag
1964 3499 2613 3549 stattfinden sollte, ist abgesagt worden.
2004 3553 2511 3601 Konstantinopel, 28. Juni.
2004 3599 2892 3651 Die Nachricht vom Attentat wurde hier Abends be-
1962 3644 2796 3696 kannt und rief überall tiefe Anteilnahme hervor.
2004 3689 2889 3741 Athen, 28. Juni. (Meldung der Agence
1962 3733 2157 3783 d'Athenes.)
2001 3782 2886 3831 Die Nachricht von dem furchtbaren, verabscheuungs-
1959 3827 2886 3879 würdigen Verbrechen, das in Sarajevo begangen
1959 3872 2883 3924 worden ist und Österreich-Ungarn sowie die ganze
1961 3917 2883 3969 zivilisierte Welt in tiefe Trauer versetzt, hat hier
1959 3965 2880 4014 allgemeine, tiefe, schmerzliche Bewegung hervorgerufen.
1998 4010 2882 4058 König Konstantin erfuhr im Stadion, wo er
1956 4055 2880 4104 den Wettrennen beiwohnte, die Trauernachricht, die
1957 4100 2880 4149 auf ihn einen niederschmetternden Eindruck machte.
1959 4145 2880 4194 Die allgemeine Teilnahme wendet sich dem verehrungs-
1958 4192 2883 4242 würdigen Monarchen Österreich-Ungarns zu, Der von
1959 4237 2775 4287 einer so schweren Prüfung betroffen worden ist.
