2991 4382
2196 0 2265 38 .7
2480 0 2607 40 5
123 141 1005 190 Die Regierung hat gleich nach Einlangen der
78 186 1005 237 Nachricht von dem Attentate den griechischen Gesandten
78 228 1005 283 in Wien beauftragt, der österreichisch-ungarischen Re-
80 278 1005 330 gierung das tiefste Beileid auszudrücken und den
77 323 795 376 Schmerz Griechenlands zu verdolmetschen
119 377 804 430 Durazzo, 28. Juni, 10 Uhr Abends.
122 425 1004 475 Die Nachricht von dem Anschlag auf den Erzherzog
74 468 1004 523 Franz Ferdinand hat hier allseits große
78 509 1004 565 Konsternierung und das tiefste Mitgefühl hervor-
76 563 223 616 gerufen.
123 616 489 664 Cetinje, 28. Juni.
123 662 1004 712 Die Nachricht von dem Attentat in Sarajevo hat
77 704 1003 760 hier große Bestürzung hervorgerufen. Die Mitglieder
78 750 1003 802 des Hofes, die Regierung und das diplomatische
78 794 1003 850 Korps haben auf der österreichisch-ungarischen Gesandt-
78 846 633 898 schaft ihr Beileid ausgesprochen.
126 910 963 968 Ein nachträglicher Bericht vom letzten
396 961 687 1012 Manövertage.
120 1018 570 1072 Bad Ilide, 27. Juni.
123 1064 1005 1117 Se. k. und k. Hoheit der durchlauchtigste Herr
78 1110 1005 1162 Erzherzog Franz Ferdinand begab sich Samstag
78 1155 1005 1207 mit dem Chef des Generalstabes und der engsten
79 1200 1005 1255 Suite mittels Bahn um 5 Uhr früh von Ilidie
79 1245 1005 1300 nach Tarcin und von dort um 6 Uhr früh
79 1290 1005 1348 zu Pferd in das Manöverterrain. Der Morgen ver-
80 1337 1005 1396 sprach im Gegensatze zum 26. d. M. einen sonnigen
80 1385 1006 1444 schönen Tag. Eine zirka zwei Kilometer südlich Tarein
80 1430 1006 1489 gelegene Höhe, auf welcher der Übungsleiter und
80 1478 1006 1534 Landeschef FM. Potiorek Se. k. und k. Hoheit
83 1524 1006 1579 empfing, gewährte weiten Ausblick auf das durch
83 1569 1006 1623 drei mächtige vom Ivan-Sattel nach Nordosten
83 1617 1006 1671 streichende Rücken scharf gegliederte, vielfach schwierige
84 1665 1007 1713 Gefechtsfeld. Entsprechend diesen Terrainverhältnissen
83 1710 1007 1761 hatten sowohl das 15. als auch das 16. Korps seit
83 1755 1007 1806 zirka 4 Uhr 30 Minuten früh im allgemeinen den
84 1800 1007 1851 Vormarsch angetreten. Ungefähr in der Linie Rebra
83 1842 1007 1899 (Kote 867) und Ragal (Kote 1434) begann das Ge-
83 1890 1007 1944 fecht von 7 Uhr früh an allgemein zu werden
83 1938 1007 1989 und, beiderseits durch neue Kräfte genährt,
83 1983 1007 2034 einen immer intensiveren Charakter anzunehmen.
84 2028 1007 2079 Se. k. und k. Hoheit verfolgte alle Stadien der
83 2073 1008 2127 sehr interessanten und wechselvollen Kämpfe mit
82 2118 1008 2172 regstem Interesse. Um 10 Uhr Vormittags, als
83 2165 1008 2217 alle Kräfte eingesetzt waren und der Kampf seinen
84 2211 1008 2259 Höhepunkt erreicht hatte, befahl Se. k. und k.
83 2256 1008 2307 Hoheit die Beendigung der Manöver. Das in dieser
83 2301 1008 2352 Berglandschaft sich blitzschnell verbreitende „Signal
83 2346 1008 2397 zur Besprechung“ versammelte bald darauf die höheren
83 2391 1005 2442 Kommandanten beider Korps um den Herrn Erz-
84 2439 1008 2487 herzog, während die Truppen abzurücken begannen.
84 2481 1005 2532 Se. k. und k. Hoheit sprach sowohl dem Armee-
84 2529 1005 2580 Inspektor FZM. Potiorek als den Kommandanten in
84 2574 1008 2626 hinreißenden Worten höchstseine besondere Zufriedenheit
84 2622 516 2670 über die Leistungen aus.
131 2667 1008 2716 Sodann begab sich Se. k. und k. Hoheit zu Pferde,
86 2712 1008 2764 gefolgt von einer glänzenden Suite, über Vrbanja zur
90 2754 1008 2805 Eisenbahnstation Tarcin. Längs des ganzen Weges
86 2802 1008 2853 waren mittlerweile zahlreiche Bataillone, Batterien,
87 2847 1009 2895 Kavallerie und Trainabteilungen beider Korps, welche
86 2893 1010 2943 sich im Abmarsche befanden, eingetroffen und bildeten
87 2938 1010 2988 in tadelloser Haltung ein bis zum Bahnhofe Tarcin
87 2983 1010 3033 ununterbrochenes beiderseitiges Spalier. Wer diese Teile
87 3030 1008 3079 unserer glorreichen Armee und ihre Übungen am 26.
90 3075 1008 3124 und am 27. Juni gesehen hat, wird die Seherworte
87 3120 1010 3171 Grillparzers „In deinem Lager ist Österreich“ aus
86 3162 1010 3219 ganzem Herzen und aus tiefster Überzeugung neu be-
90 3210 1010 3262 jubeln und wissen, wie stark und treu die Wacht da
87 3258 447 3307 unten gehalten wird.
131 3302 1011 3355 Nach 2 Uhr Nachmittags traf Se. k. und k.
86 3347 1011 3400 Hoheit wieder in Ilidie ein. Das schöne Wetter
87 3396 1011 3442 war dem Tage bis auf ein kurzes, am Nachmittag
90 3438 1011 3490 niedergegangenes Gewitter hold, und die prächtigen
90 3483 1011 3535 Anlagen des schönen Badeortes der Reichslande kamen
87 3533 429 3583 zur vollen Geltung.
86 3600 1010 3655 Der Anteil des Erzherzogs an dem neuen
357 3649 747 3700 Exerzierreglement.
131 3701 1010 3754 Im Oktober 1903 wurde eine Neuauflage
87 3749 1010 3798 des Exerzierreglements für die k. und k.
89 3792 1010 3846 Fußtruppen ausgegeben. Der von einer Kom-
87 3837 1010 3888 mission von Fachmännern hergestellte Entwurf
87 3882 1010 3933 wurde zuerst von einem Redaktions-Komitee punkt-
87 3926 1011 3978 weise durchberaten und provisorisch festgesetzt. Die
90 3974 1011 4023 Kommission stand unter Vorsitz weiland des Herrn
89 4020 1011 4071 Erzherzogs Franz Ferdinand und bestand aus
87 4065 1011 4117 den damaligen Generalinspektoren F. M. Prinzen
90 4110 1011 4162 zu Windisch-Graetz, FM. Freiherrn von Rein-
90 4157 1011 4207 länder und F.M. Freiherrn von Waldstätten und
89 4202 1011 4255 einer Anzahl von Generalen und Stabsoffizieren.
87 4248 1011 4300 Die Kommission hatte im April 1901 den Entwurf fertig-
1026 140 1950 187 gestellt; dieser wurde auf Antrag des Herrn Erzherzogs
1026 185 1947 232 mit 1. Oktober 1901 an die Truppen zur Erprobung
1026 231 1947 280 hinausgegeben, die beauftragt waren, nach entsprechender
1026 276 1950 325 Frist ausführliche Relationen samt Abänderungsvor-
1026 324 1950 369 schlägen vorzulegen. Dann begann aufs neue die
1029 369 1950 414 Arbeit der Reglements-Kommission. Die zahlreichen
1029 414 1950 462 Abänderungsvorschläge wurden gesichtet und, so-
1026 459 1950 507 weit sie verwertbar waren, bei der Neuver-
1029 507 1950 552 fassung des Reglements verwendet. Das Resultat
1026 552 1950 600 dieser schwierigen Arbeit wurde dann eingeführt.
1026 597 1950 642 Das neue Reglement, das im In- und Auslande als
1026 642 1947 690 mustergültig bezeichnet wird, machte auch die Neu-
1026 686 1950 735 verfassung der Schießinstruktion, die besondere Ausgabe
1026 732 1950 780 einer Turnvorschrift u. dgl. nötig. Auch diese Vor-
1026 780 1950 828 schriften wurden nach der neuen Methode unter Bei-
1026 825 1950 873 ziehung der Truppen zur Mitarbeiterschaft fertiggestellt.
1026 870 1950 918 Dabei war auch der Einfluß des Leiters der gesamten
1028 915 1950 967 Reglementsarbeiten, des Erzherzogs Franz Ferdi-
1029 963 1948 1012 nand, unverkennbar, der schon durch die Anordnung
1027 1008 1947 1056 der Truppenreferate und ihre Mitbenützung bei Ver-
1028 1056 1950 1105 fassung der Vorschriften diese auf eine durchaus moderne
1029 1100 1950 1147 Basis gestellt und die den Erfolg verbürgende glückliche
1029 1145 1948 1195 Vereinigung von Theorie und Praxis bewirkt hat.
1029 1190 1950 1240 Der Herr Erzherzog erhielt damals für seine Verdienste
1029 1238 1950 1285 um das Zustandekommen des Werkes vom Obersten
1029 1284 1780 1333 Kriegsherrn ein Handschreiben, das lautete:
1127 1338 1949 1390 „Lieber Herr Neffe Erzherzog Franz Ferdi-
1067 1386 1949 1435 nand! In Wahrnehmung der Verdienste, welche
1071 1431 1948 1480 Sich Euer Liebden bei Leitung der Arbeiten zur
1067 1473 1948 1528 Verbesserung der die taktische Ausbildung der Fuß-
1070 1520 1947 1576 truppen betreffenden wichtigen Vorschriften erworben,
1073 1565 1947 1621 spreche Ich Ihnen den Ausdruck Meiner Zu-
1074 1615 1764 1666 friedenheit aus. Franz Joseph m.
1341 1711 1641 1769 Zeitungsschau.
1668 1769 1955 1819 tieferschütternden
1071 1772 1581 1821 Die Wiener Presse steht unter
1632 1817 1953 1864 und k. Hoheit des
1032 1817 1530 1866 Eindrucke des Hinscheidens (
1553 1863 1953 1912 ganz Ferdinand
1032 1865 1494 1912 durchlauchtigsten Erzherzogs
1500 1908 1953 1954 An Sophie von Hohen-
1032 1907 1467 1957 und seiner Gemahlin Herz
1493 1954 1953 2002 übereinstimmend in Worten
1032 1952 1440 2002 berg. Die Blätter weit
1032 1998 1953 2047 patriotischer Empfindung auf den schweren Verlust
1033 2043 1953 2095 hin, den die Völker der Monarchie, die Armee und
1033 2091 1953 2140 Marine durch den vorzeitigen Tod der überragenden
1035 2136 1953 2185 Persönlichkeit des durchlauchtigsten Erzherzogs
1035 2181 1953 2230 erlitten haben. Allgemein wendet sich ehrfurchtsvollstes
1035 2226 1950 2275 Mitgefügt Sr. Majestät dem Kaiser zu. Der an-
1034 2271 1954 2323 gesichts dieses Schicksalschlages in altgewohnter treuer
1034 2319 1956 2368 Pflichterfüllung nach Wien zurückkehrt. Vielfach geben
1033 2361 1953 2409 die Blätter dem Gedanken Ausdruck, daß die Be-
1033 2409 1953 2454 völkerung, von der Weisheit und den überlegenen Herrscher-
1035 2454 1953 2503 tugenden des Monarchen durchdrungen, in diesen
1035 2502 1956 2548 Tagen tiefster Trauer gefaßt ihren künftigen Geschicken
1035 2549 1257 2596 entgegensieht.
1074 2601 1953 2649 Das „Fremden-Blatt“ führt aus, kaum
1035 2646 1956 2694 faßbar sei der Gedanke, daß der durchlauchtigste Herr
1035 2691 1956 2740 Erzherzog Franz Ferdinand, der immer als
1035 2736 1957 2784 ein Bild edler voller Männlichkeit vor unseren Augen
1034 2782 1957 2832 gestanden, nicht mehr unter den Lebenden weilen
1035 2826 1956 2877 solle. Ihm ist ein großer und schwieriger Wirkungskreis
1035 2874 1956 2925 zugeteilt gewesen. Die hohen militärischen Qualitäten des
1035 2919 1956 2968 Verblichenen, das tiefe Verständnis für die Aufgaben
1035 2964 1956 3012 der Armee galten als volle Garantie, daß die weit-
1035 3009 1956 3060 gehenden an den durchlauchtigsten Erzherzog ge-
1035 3054 1956 3105 knüpften Hoffnungen sich auch dereinst vollauf be-
1035 3102 1957 3150 währen würden. Auf dem Felde der Pflicht ist der
1035 3147 1957 3196 durchlauchtigste Erzherzog gefallen und neben
1038 3189 1957 3240 ihm die hohe Frau, mit der ihn innigste Liebe ver-
1038 3238 1957 3285 bunden, die überall mit ihm gewesen und auch auf
1036 3282 1957 3330 der Todesfahrt sein Geschick geteilt hat. Neben der
1038 3330 1958 3375 wortlosen Verzweiflung meldet sich nun auch die
1037 3375 1956 3423 flammende Entrüstung gegen die abscheulichen Misse-
1038 3420 1956 3465 täter, die über das Kaiserhaus und die treu-
1037 3465 1956 3513 ergebenen Völker der Monarchie so viel Schmerz
1036 3510 1956 3559 und Trauer gebracht haben. Mit erhebender Ein-
1038 3558 1958 3604 mütigkeit gibt sich schon jetzt in ganz Österreich-Ungarn
1038 3603 1958 3652 die gleiche tiefgehende Erregung, das gleiche mächtige
1038 3648 1957 3696 Auflodern der patriotisch-dynastischen Gesinnung kund.
1038 3693 1958 3742 Alle Gedanken aber weilen bei Sr. Majestät dem
1037 3738 1956 3786 Kaiser, und alle finden Trost in dem Bewußtsein,
1037 3783 1958 3832 daß Se. Majestät schon wiederholt heroische
1038 3831 1958 3879 Beispiele davon gegeben habe, wie groß Er auch im
1038 3876 1958 3921 Schmerze zu sein vermag. Wenn Se. Majestät in
1038 3921 1958 3969 Wien eintrifft, dann wird Er aus den Blicken der
1037 3966 1959 4014 Bevölkerung lesen können, daß sie sich durch das
1038 4013 1959 4060 neue Unglück nur noch enger mit Ihm vereint fühlt.
1074 4064 1959 4111 Die „Neue Freie Presse“ sagt, die starke Persön-
1038 4112 1959 4159 lichkeit des Erzherzogs, der nicht bloß Zukunft, sondern
1038 4157 1959 4204 auch Gegenwart gewesen und dessen Einfluß, gehoben von
1038 4203 1959 4249 seinem festen Willen, in den wichtigsten Entscheidungen
1038 4247 1959 4296 in den Krisen der letzten Jahre sich gewiß geltend
1971 141 2898 190 gemacht hat, sei plötzlich durch meuchlerische Hand aus
1971 186 2898 234 dem Leben herausgerissen worden. Im Tode vereint ist
1971 231 2899 282 der Herr Erzherzog nun mit höchstseiner Gemahlin,
1974 276 2898 327 der er zeitlebens in innigster Liebe zugetan gewesen.
1974 324 2900 372 In Sr. k. und k. Hoheit verliert die Monarchie
1972 369 2900 417 einen Mann, der in jeder Faser seines Wesens mit
1974 414 2901 463 ihr verknüpft gewesen, der mit seiner ganzen Energie
1972 459 2901 507 danach gestrebt hat, den Staat groß und stark
1974 507 2901 556 zu machen und seine Schlagkraft nach außen zu
1974 552 2901 601 steigern, einen frischeren Zug in die Armee zu
1972 600 2901 646 bringen, die Flotte auszugestalten. Und der einzige
1972 644 2901 691 lichte Schimmer in diesem Bilde blutigen Entsetzens
1973 689 2901 739 sei, daß die Armee und die Marine durch die tat-
1973 734 2902 784 kräftige Entschlossenheit des großen Verblichenen zu
1974 780 2904 828 imponierender Stärke gehoben worden sind. Noch mehr
1973 825 2902 873 kommt die erschütternde Tragik dieses Todes und die
1973 873 2901 918 mörderische Niedertracht ins Bewußtsein, wenn daran
1973 918 2902 966 erinnert wird, daß gerade dem Herrn Erzherzog
1973 963 2899 1011 stets warme Teilnahme für die nationalen Geschicke
1973 1008 2901 1056 der Süd-Slaven zugeschrieben worden. Nie ist von
1974 1053 2898 1101 ihm eine persönliche Reizung in Bosnien ausgegangen,
1974 1101 2898 1150 und desto feiger ist die Mordtat, desto willkürlicher der
1974 1146 2898 1195 Anschlag, für den nicht einmal der Vorwand nationalen
1974 1191 2898 1240 Überschwanges oder aufwallenden Rachegefühles gefunden
1974 1239 2901 1285 werden kann. Jeder habe die Überzeugung, daß hinter
1974 1284 2899 1333 den Mördern andere stehen, die nicht zu fassen seien,
1975 1329 2898 1378 und die diese Werkzeuge des grauenhaften Mordes
1975 1374 2898 1426 ausgerüstet hätten. Wenn es aber das Ziel gewesen,
1976 1422 2898 1468 die Monarchie in Verwirrung zu bringen, so dürfte
1976 1467 2900 1516 sich bald zeigen, daß gerade das vergossene Blut in
1977 1512 2900 1560 Europa als dringende Friedenswarnung empfunden
1977 1557 2899 1608 werden muß. Die Monarchie aber wird sich in allen
1977 1602 2899 1653 Teilen enger zusammenschließen, und das Andenken
1977 1647 2899 1702 dieser furchtbaren Ereignisse wird fortwirken, damit
1978 1695 2899 1747 auch hier Friede werde und der Thronfolger, der ein
1979 1740 2898 1792 starkes Reich gewollt, doch nicht vergeblich gelebt habe.
2022 1785 2898 1834 Das „Neue Wiener Tagblatt“ betont,
1979 1833 2901 1882 daß der durchlauchtigste Erzherzog als echter Soldat
1980 1878 2902 1927 sich jede besondere Sicherheitsvorkehrung verbeten hat.
1983 1923 2902 1972 Er sei in Erfüllung seiner Pflicht gestorben, der er,
1980 1968 2905 2020 wie alle Mitglieder des Allerhöchsten Erzhauses, rastlos
1980 2013 2904 2065 und hingebungsvoll oblag. Seine Bahre schmückt
1981 2061 2907 2110 wohlverdienter Lorbeer, und die tiefe Trauer, die ein
1981 2103 2907 2158 neues unlösliches Band um alle Bewohner dieses
1983 2148 2907 2200 Reiches schließt, schwillt übermächtig an bei dem Ge-
1982 2196 2910 2248 danken an den Monarchen, Der nach der Krankheit
1982 2244 2907 2293 den Sommeraufenthalt verlasse, um in Seine Residenz
1983 2289 2904 2338 zurückzueilen, sofort bereit, zu tun und auszuführen,
1983 2334 2907 2383 was Ihm an neuen Sorgen auferlegt ist. Se. Majestät
1983 2379 2907 2428 der Kaiser lehrt uns alle, dem Schmerz sein Recht
1983 2427 2906 2476 zu geben, sich aber einem tragischen Ereignisse nicht
1983 2469 2904 2521 zu unterwerfen. Die Särge, in denen der durch-
1983 2514 2904 2566 lauchtigste Erzherzog und seine Gemahlin ruhen,
1983 2561 2905 2611 werden eine Märtyrerkrone tragen, alle Ehrfurcht und
1983 2606 2905 2656 alle Größe, die solch ein tragisches Ende verleihen,
1983 2651 2906 2704 werden in unserem und der Nachwelt Gedächtnis
1983 2700 2141 2749 fortleben.
2022 2745 2904 2794 Das „Extrablatt“ sagt, für alle Österreicher
1983 2787 2904 2838 werde der Tag des 28. Juni stets in tiefste Trauer
1983 2835 2904 2884 und klagendes Weh gehüllt sein. Die scheußliche Mord-
1983 2880 2904 2928 tat, die ganz Österreich-Ungarn in tiefe Trauer ver-
1986 2925 2904 2973 senkt, gehöre in die Kategorie der politischen Ver-
1983 2970 2907 3018 brechen, und wenn auch niemand ob der wahnwitzigen
1983 3018 2909 3066 Tat einzelner allgemeine Anklagen erheben wolle, sei
1983 3063 2910 3111 es doch sicher, daß der in unserer Nachbarschaft ge-
1983 3108 2910 3156 übten Konivenz gegenüber der großserbischen Agitation
1983 3153 2907 3201 vielleicht der größte Teil der Schuld an dem trauer-
1983 3201 2910 3246 vollen Ereignisse zuzuschreiben sei. Nun, da die
1983 3246 2911 3294 Völker der Monarchie trauernd an der Bahre des
1983 3291 2910 3340 hohen Paares stehen, empfindet wohl jeder, wie viel
1983 3336 2908 3388 auch ihm hier ins Grab sinkt, wenn auch Erzherzog
1983 3384 2907 3433 Franz Ferdinand seine Persönlichkeit nicht in
1983 3425 2904 3478 vollem Lichte der Öffentlichkeit entfaltete. Denn feind
1983 3474 2906 3523 fühlige Scheu hat ihn davor zurückgehalten, die Augen
1983 3519 2904 3568 auf sich zu lenken. Wirklich kenntlich zeigte sich
1986 3567 2901 3613 seine Eigenart vor allem in militärischen Fragen.
1983 3612 2904 3661 In diesem Ressort, wo er durch das Vertrauen
1986 3657 2904 3706 Sr. Majestät des Kaisers die erste Stelle
1983 3702 2905 3750 eingenommen, hat er ein reiches Feld fruchtbarer
1983 3750 2905 3798 Tätigkeit für seine ausgezeichnete Begabung gefunden,
1983 3795 2905 3843 deren weit über das Normale hinausragendes Maß
1983 3840 2905 3888 überall auch im Auslande rückhaltlos anerkannt wurde.
1983 3885 2905 3934 Hier hat er vor allem jene Energie, jene Festigkeit
1983 3930 2906 3979 des Willens, die Schnelligkeit und Treffsicherheit der
1983 3975 2906 4024 Entschließungen entwickelt, die allgemein als die hervor-
1983 4023 2906 4069 stehenden Merkmale seines Charakters erkannt werden.
1983 4065 2906 4114 Schweres Leid habe das Schicksal der Monarchie auf-
1983 4113 2906 4162 erlegt. Und wie stets wende sich auch diesmal Denken
1983 4157 2907 4207 und Fühlen der Völker Sr. Majestät dem ge-
1983 4205 2907 4252 liebten Kaiser zu, und mit erhöhter Inbrunst
1983 4250 2907 4300 wünscht man, daß Er siegreich auch diese Prüfung
