<?xml version='1.0' encoding='utf-8'?>
<PcGts xmlns="http://schema.primaresearch.org/PAGE/gts/pagecontent/2019-07-15" xmlns:xsi="http://www.w3.org/2001/XMLSchema-instance" xsi:schemaLocation="http://schema.primaresearch.org/PAGE/gts/pagecontent/2019-07-15/pagecontent.xsd">
  <Metadata>
    <Creator>Pero OCR</Creator>
    <Created>2026-02-10T15:53:13.909142+00:00</Created>
    <LastChange>2026-02-10T15:53:13.909142+00:00</LastChange>
  </Metadata>
  <Page imageFilename="1914-06-29_5.jpg" imageWidth="2991" imageHeight="4382">
    <TextRegion id="85c3342b-dd14-4bbe-8e20-8a3e676968d1">
      <Coords points="20,0 17,40 258,40 258,0 20,0"/>
      <TextLine id="b6db7a50-c519-43ed-9a0d-a75e62f88e76" index="0" custom="{&quot;heights&quot;: [32.7, 13.0]}">
        <Coords points="18,20 17,40 18,40 137,40 138,40 174,40 213,40 258,40 258,0 20,0 18,20"/>
        <Baseline points="18,27 60,30 99,30 138,27 174,27 213,27 258,27"/>
        <TextEquiv>
          <Unicode></Unicode>
        </TextEquiv>
      </TextLine>
    </TextRegion>
    <TextRegion id="34f2467c-a153-4b8e-ba97-a4cba1907d08">
      <Coords points="87,1223 291,1220 390,1175 1002,1166 1005,143 126,149 89,201 87,246 87,1223"/>
      <TextLine id="e406389d-4fba-40df-9e86-db781fd60c80" index="0" custom="{&quot;heights&quot;: [34.2, 13.4]}">
        <Coords points="1005,143 615,146 611,146 598,146 492,146 419,149 324,149 228,149 161,149 126,149 126,196 228,196 324,196 420,196 516,193 612,193 708,190 804,190 900,190 1005,190 1005,143"/>
        <Baseline points="126,183 228,183 324,183 420,183 516,180 612,180 708,177 804,177 900,177 1005,177"/>
        <TextEquiv conf="1.000">
          <Unicode>Die „Grazer Tagespost“ schreibt: Es ist ein</Unicode>
        </TextEquiv>
      </TextLine>
      <TextLine id="0e1e7b07-1862-4d37-a376-f9429dc4af0a" index="1" custom="{&quot;heights&quot;: [33.1, 13.3]}">
        <Coords points="1005,189 897,189 797,192 696,192 597,192 494,195 396,195 294,195 194,198 89,201 89,201 90,247 195,244 294,241 396,241 495,241 597,238 696,238 798,238 897,235 1005,235 1005,189"/>
        <Baseline points="90,234 195,231 294,228 396,228 495,228 597,225 696,225 798,225 897,222 1005,222"/>
        <TextEquiv conf="1.000">
          <Unicode>schwerer Schlag und ein unersetzlicher Verlust, den</Unicode>
        </TextEquiv>
      </TextLine>
      <TextLine id="85afaa82-5347-48ea-8e49-5c02d60a1966" index="2" custom="{&quot;heights&quot;: [33.3, 13.4]}">
        <Coords points="1005,255 1004,234 896,237 795,237 696,237 594,237 494,240 393,240 293,243 191,246 87,246 87,246 87,292 192,292 294,289 393,286 495,286 594,283 696,283 795,283 897,283 1005,280 1005,255"/>
        <Baseline points="87,279 192,279 294,276 393,273 495,273 594,270 696,270 795,270 897,270 1005,267"/>
        <TextEquiv conf="1.000">
          <Unicode>unser Monarch erlitten hat. Keiner von jenen, die</Unicode>
        </TextEquiv>
      </TextLine>
      <TextLine id="ef1d0bb5-0ae2-43ea-8b6a-aa09609be2c8" index="3" custom="{&quot;heights&quot;: [33.4, 13.2]}">
        <Coords points="1005,282 897,282 795,282 696,282 593,285 495,285 393,285 293,288 192,288 87,291 87,324 87,337 192,334 294,334 393,331 495,331 594,331 696,328 795,328 897,328 1004,328 1005,282"/>
        <Baseline points="87,324 192,321 294,321 393,318 495,318 594,318 696,315 795,315 897,315 1004,315"/>
        <TextEquiv conf="1.000">
          <Unicode>einmal Gelegenheit hatten, mit dem Herrn Erzherzog</Unicode>
        </TextEquiv>
      </TextLine>
      <TextLine id="2ec17668-6b0a-4baf-ac5f-1603b94bc4c0" index="4" custom="{&quot;heights&quot;: [33.1, 13.2]}">
        <Coords points="1004,337 1004,324 896,327 795,327 695,330 594,330 495,330 393,330 293,333 191,336 87,339 87,372 87,385 192,382 294,379 393,376 495,376 594,376 696,376 795,373 897,373 1004,370 1004,337"/>
        <Baseline points="87,372 192,369 294,366 393,363 495,363 594,363 696,363 795,360 897,360 1004,357"/>
        <TextEquiv conf="1.000">
          <Unicode>zu sprechen, wird sich dem Eindrucke zu entziehen ver-</Unicode>
        </TextEquiv>
      </TextLine>
      <TextLine id="34ba83b7-7364-461f-8b8f-9e0bb5b26249" index="5" custom="{&quot;heights&quot;: [33.2, 13.2]}">
        <Coords points="1004,380 1004,372 896,375 795,375 696,375 594,375 495,375 392,378 294,378 191,381 87,381 87,427 192,427 294,424 393,424 495,421 594,421 696,421 795,421 897,421 1004,418 1004,380"/>
        <Baseline points="87,414 192,414 294,411 393,411 495,408 594,408 696,408 795,408 897,408 1004,405"/>
        <TextEquiv conf="1.000">
          <Unicode>mocht haben, daß der Erbe der Krone ein ganzer</Unicode>
        </TextEquiv>
      </TextLine>
      <TextLine id="5c955509-3769-4fa9-94fe-7ec567a0eedb" index="6" custom="{&quot;heights&quot;: [33.8, 13.7]}">
        <Coords points="87,473 174,473 255,473 337,473 417,470 501,470 583,470 663,467 744,467 834,467 834,419 744,419 663,419 581,422 501,422 417,422 335,425 255,425 174,425 87,425 87,473"/>
        <Baseline points="87,459 174,459 255,459 336,459 417,456 501,456 582,456 663,453 744,453 834,453"/>
        <TextEquiv conf="1.000">
          <Unicode>Mann, eine starke, zielbewußte Natur war.</Unicode>
        </TextEquiv>
      </TextLine>
      <TextLine id="537a6c4f-3044-4724-a75b-64e26c015b7a" index="7" custom="{&quot;heights&quot;: [34.1, 13.9]}">
        <Coords points="1004,468 1004,467 899,470 804,470 708,470 608,473 513,473 416,476 318,476 221,479 120,479 120,527 222,527 318,524 417,524 513,521 609,521 708,518 804,518 900,518 1004,515 1004,468"/>
        <Baseline points="120,513 222,513 318,510 417,510 513,507 609,507 708,504 804,504 900,504 1004,501"/>
        <TextEquiv conf="1.000">
          <Unicode>Das „Grazer Volksblatt“ schreibt in Be-</Unicode>
        </TextEquiv>
      </TextLine>
      <TextLine id="41523301-c7dc-4fe6-90f0-9de43141d490" index="8" custom="{&quot;heights&quot;: [33.4, 13.6]}">
        <Coords points="1004,519 897,519 795,519 696,519 593,522 495,522 393,522 293,525 192,525 87,525 87,572 192,572 294,572 393,569 495,569 594,569 696,566 795,566 897,566 1004,566 1004,519"/>
        <Baseline points="87,558 192,558 294,558 393,555 495,555 594,555 696,552 795,552 897,552 1004,552"/>
        <TextEquiv conf="1.000">
          <Unicode>urteilung der Persönlichkeit des verblichenen Herrn</Unicode>
        </TextEquiv>
      </TextLine>
      <TextLine id="628d0250-613f-4e64-87e2-274e068a06f1" index="9" custom="{&quot;heights&quot;: [33.1, 13.6]}">
        <Coords points="87,617 192,620 291,617 393,617 492,614 594,614 693,614 795,611 894,611 1002,608 1001,561 893,564 795,564 692,567 594,567 492,567 392,570 291,570 191,573 88,570 87,603 87,617"/>
        <Baseline points="87,603 192,606 291,603 393,603 492,600 594,600 693,600 795,597 894,597 1002,594"/>
        <TextEquiv conf="1.000">
          <Unicode>Erzherzogs: Er war ein Mann aus einem Guß und</Unicode>
        </TextEquiv>
      </TextLine>
      <TextLine id="7436ab0e-5640-4ffe-b7ce-673eaaf3e5ca" index="10" custom="{&quot;heights&quot;: [33.0, 13.6]}">
        <Coords points="87,651 87,665 192,662 291,662 393,662 492,662 594,659 693,659 795,656 894,656 1002,653 1001,606 893,609 795,609 692,612 594,612 491,615 393,615 291,615 192,615 87,618 87,651"/>
        <Baseline points="87,651 192,648 291,648 393,648 492,648 594,645 693,645 795,642 894,642 1002,639"/>
        <TextEquiv conf="1.000">
          <Unicode>wie aus Erz. Österreich steht an der Bahre eines</Unicode>
        </TextEquiv>
      </TextLine>
      <TextLine id="71c0bf8c-eb60-4ccc-8090-3f39a0c0e7ac" index="11" custom="{&quot;heights&quot;: [33.0, 13.6]}">
        <Coords points="1004,654 897,654 795,654 695,657 594,657 494,660 392,663 294,663 192,663 87,663 87,710 192,710 294,710 393,710 495,707 594,704 696,704 795,701 897,701 1003,701 1004,654"/>
        <Baseline points="87,696 192,696 294,696 393,696 495,693 594,690 696,690 795,687 897,687 1003,687"/>
        <TextEquiv conf="1.000">
          <Unicode>Mannes, an den sich große und kühne Hoffnungen</Unicode>
        </TextEquiv>
      </TextLine>
      <TextLine id="dbba2c8a-1f88-4ad8-a2bc-7eecd09ac280" index="12" custom="{&quot;heights&quot;: [33.1, 13.7]}">
        <Coords points="87,744 87,758 192,755 291,755 393,755 492,752 594,752 693,749 795,749 894,749 1002,746 1001,699 893,702 795,702 693,702 593,705 492,705 392,708 291,708 192,708 87,711 87,744"/>
        <Baseline points="87,744 192,741 291,741 393,741 492,738 594,738 693,735 795,735 894,735 1002,732"/>
        <TextEquiv conf="1.000">
          <Unicode>knüpften, die das Herz jedes Österreichers mit Stolz</Unicode>
        </TextEquiv>
      </TextLine>
      <TextLine id="f304c754-4674-4dfd-85bf-87f6fc9909e0" index="13" custom="{&quot;heights&quot;: [33.3, 14.0]}">
        <Coords points="87,803 166,803 237,800 312,800 384,800 456,800 532,800 603,797 676,797 757,794 755,747 674,750 603,750 530,753 456,753 384,753 312,753 237,753 164,756 87,756 87,803"/>
        <Baseline points="87,789 165,789 237,786 312,786 384,786 456,786 531,786 603,783 675,783 756,780"/>
        <TextEquiv conf="1.000">
          <Unicode>und Freude voller Zuversicht erfüllten.</Unicode>
        </TextEquiv>
      </TextLine>
      <TextLine id="02c70912-86a1-4bde-a2a5-2e7900494372" index="14" custom="{&quot;heights&quot;: [33.5, 14.3]}">
        <Coords points="126,854 228,854 324,854 420,851 516,851 612,851 708,851 804,851 900,848 1002,848 1002,801 900,801 803,804 708,804 612,804 516,804 420,804 323,807 228,807 126,807 126,854"/>
        <Baseline points="126,840 228,840 324,840 420,837 516,837 612,837 708,837 804,837 900,834 1002,834"/>
        <TextEquiv conf="0.998">
          <Unicode>Die „Grazer Montags-Zeitung“ schreibt:</Unicode>
        </TextEquiv>
      </TextLine>
      <TextLine id="bf41cc50-9e52-4aeb-86ee-5f3e98280a97" index="15" custom="{&quot;heights&quot;: [33.0, 13.7]}">
        <Coords points="1003,846 897,846 795,846 695,849 594,849 494,852 393,852 293,855 192,855 87,855 87,902 192,902 294,902 393,899 495,899 594,896 696,896 795,893 897,893 1003,893 1003,846"/>
        <Baseline points="87,888 192,888 294,888 393,885 495,885 594,882 696,882 795,879 897,879 1003,879"/>
        <TextEquiv conf="1.000">
          <Unicode>Mit Erzherzog Franz Ferdinand verliert die</Unicode>
        </TextEquiv>
      </TextLine>
      <TextLine id="5b2e4a51-1c1b-4e97-9f3d-6b11f6c12dc6" index="16" custom="{&quot;heights&quot;: [32.8, 13.4]}">
        <Coords points="1003,891 897,891 794,894 696,894 594,894 494,897 393,897 293,900 192,900 87,903 87,936 87,949 192,946 294,946 393,943 495,943 594,940 696,940 795,940 897,937 1003,937 1003,891"/>
        <Baseline points="87,936 192,933 294,933 393,930 495,930 594,927 696,927 795,927 897,924 1003,924"/>
        <TextEquiv conf="1.000">
          <Unicode>Monarchie mehr, als in diesem Augenblicke des Ent-</Unicode>
        </TextEquiv>
      </TextLine>
      <TextLine id="1c4fd028-3be8-44c0-9c7b-48bc2a4adbe4" index="17" custom="{&quot;heights&quot;: [32.8, 13.6]}">
        <Coords points="90,995 195,992 294,992 396,989 495,989 594,989 696,986 795,986 894,983 1002,980 1001,933 893,936 794,939 696,939 593,942 495,942 396,942 293,945 195,945 89,948 90,995"/>
        <Baseline points="90,981 195,978 294,978 396,975 495,975 594,975 696,972 795,972 894,969 1002,966"/>
        <TextEquiv conf="1.000">
          <Unicode>setzens ausgesprochen werden kann. Voll tiefen Mit-</Unicode>
        </TextEquiv>
      </TextLine>
      <TextLine id="c302d3f6-f72c-4e69-bcae-ee93f5c12641" index="18" custom="{&quot;heights&quot;: [32.9, 13.7]}">
        <Coords points="87,1029 87,1043 192,1040 291,1037 393,1037 492,1034 594,1034 693,1034 795,1031 894,1031 1002,1028 1001,981 893,984 795,984 692,987 594,987 492,987 392,990 291,990 191,993 87,996 87,1029"/>
        <Baseline points="87,1029 192,1026 291,1023 393,1023 492,1020 594,1020 693,1020 795,1017 894,1017 1002,1014"/>
        <TextEquiv conf="1.000">
          <Unicode>gefühls erinnern wir uns alle insbesondere unseres</Unicode>
        </TextEquiv>
      </TextLine>
      <TextLine id="9a4a865a-7d3f-436b-afbf-201142e5dbd5" index="19" custom="{&quot;heights&quot;: [33.0, 13.6]}">
        <Coords points="1002,1069 1001,1026 893,1029 792,1029 692,1032 590,1035 492,1035 390,1035 290,1038 189,1038 87,1041 87,1088 189,1085 291,1085 390,1082 492,1082 591,1082 693,1079 792,1076 894,1076 1002,1073 1002,1069"/>
        <Baseline points="87,1074 189,1071 291,1071 390,1068 492,1068 591,1068 693,1065 792,1062 894,1062 1002,1059"/>
        <TextEquiv conf="1.000">
          <Unicode>greisen, ehrwürdigen Kaisers in Ischl, Der, nach</Unicode>
        </TextEquiv>
      </TextLine>
      <TextLine id="fcc0084f-c75b-41a7-b797-6ee9893e4853" index="20" custom="{&quot;heights&quot;: [33.0, 13.7]}">
        <Coords points="1002,1110 1001,1071 893,1074 792,1074 692,1077 590,1080 492,1080 390,1080 290,1083 189,1083 87,1086 87,1133 189,1130 291,1130 390,1127 492,1127 591,1127 693,1124 792,1121 894,1121 1002,1118 1002,1110"/>
        <Baseline points="87,1119 189,1116 291,1116 390,1113 492,1113 591,1113 693,1110 792,1107 894,1107 1002,1104"/>
        <TextEquiv conf="1.000">
          <Unicode>schwerer Krankheit kaum genesen, in den Alpen Er-</Unicode>
        </TextEquiv>
      </TextLine>
      <TextLine id="1ae476e7-59e1-40b1-b2e5-a497b9e2ebeb" index="21" custom="{&quot;heights&quot;: [33.2, 13.6]}">
        <Coords points="564,1172 591,1172 620,1172 762,1170 792,1169 894,1166 1002,1166 1002,1119 894,1119 791,1122 692,1125 591,1125 491,1128 390,1128 291,1128 188,1131 87,1131 87,1178 189,1178 291,1175 390,1175 416,1175 564,1172"/>
        <Baseline points="87,1164 189,1164 291,1161 390,1161 492,1161 591,1158 693,1158 792,1155 894,1152 1002,1152"/>
        <TextEquiv conf="1.000">
          <Unicode>holung sucht und über Den auch dieser Jammer noch</Unicode>
        </TextEquiv>
      </TextLine>
      <TextLine id="d865556c-53dc-4923-8eb4-d7a8e782ad53" index="22" custom="{&quot;heights&quot;: [32.4, 13.7]}">
        <Coords points="230,1221 246,1220 291,1220 291,1174 246,1174 205,1177 168,1177 129,1177 87,1177 87,1223 109,1223 230,1221"/>
        <Baseline points="87,1209 129,1209 168,1209 207,1209 246,1206 291,1206"/>
        <TextEquiv conf="1.000">
          <Unicode>hereinbricht.</Unicode>
        </TextEquiv>
      </TextLine>
    </TextRegion>
    <TextRegion id="36771ae8-a437-4fac-b780-4ffccffd83d0">
      <Coords points="84,1734 84,2480 432,2477 495,2429 1008,2426 1010,1266 519,1272 456,1225 135,1228 126,1275 86,1323 84,1734"/>
      <TextLine id="79c22404-b6c1-4118-bb1f-b5835a68caf0" index="0" custom="{&quot;heights&quot;: [35.1, 14.0]}">
        <Coords points="407,1225 378,1228 345,1228 312,1228 276,1228 243,1228 207,1228 174,1228 149,1228 135,1228 135,1277 174,1277 207,1277 243,1277 276,1277 312,1277 345,1277 382,1277 414,1274 456,1274 456,1225 407,1225"/>
        <Baseline points="135,1263 174,1263 207,1263 243,1263 276,1263 312,1263 345,1263 381,1263 414,1260 456,1260"/>
        <TextEquiv conf="1.000">
          <Unicode>Prag, 29. Juni.</Unicode>
        </TextEquiv>
      </TextLine>
      <TextLine id="a56bacff-1fd2-4b98-a6de-5fb25e9b6623" index="1" custom="{&quot;heights&quot;: [33.4, 13.3]}">
        <Coords points="1010,1266 986,1266 905,1269 810,1269 713,1272 615,1272 552,1272 519,1272 518,1272 422,1275 324,1275 228,1275 126,1275 126,1275 126,1321 228,1321 324,1321 423,1321 519,1318 615,1318 714,1318 810,1315 906,1315 1010,1312 1010,1266"/>
        <Baseline points="126,1308 228,1308 324,1308 423,1308 519,1305 615,1305 714,1305 810,1302 906,1302 1010,1299"/>
        <TextEquiv conf="1.000">
          <Unicode>Die hiesigen Blätter, die infolge des Feiertages erst</Unicode>
        </TextEquiv>
      </TextLine>
      <TextLine id="d0ebd1b7-ae5b-4436-88fb-8cc0ab6983f9" index="2" custom="{&quot;heights&quot;: [32.8, 13.4]}">
        <Coords points="87,1369 192,1366 294,1366 396,1366 495,1363 597,1363 699,1360 798,1360 900,1360 1008,1357 1007,1311 899,1314 798,1314 699,1314 596,1317 495,1317 395,1320 294,1320 192,1320 86,1323 87,1369"/>
        <Baseline points="87,1356 192,1353 294,1353 396,1353 495,1350 597,1350 699,1347 798,1347 900,1347 1008,1344"/>
        <TextEquiv conf="1.000">
          <Unicode>morgen mittag hätten erscheinen sollen, haben, insofern</Unicode>
        </TextEquiv>
      </TextLine>
      <TextLine id="0aeb700b-0e30-4615-b316-72c0030b3d55" index="3" custom="{&quot;heights&quot;: [33.0, 13.3]}">
        <Coords points="90,1414 195,1411 297,1411 396,1411 498,1408 597,1408 699,1405 798,1405 900,1405 1008,1405 1008,1359 900,1359 798,1359 699,1359 596,1362 498,1362 395,1365 297,1365 195,1365 89,1368 90,1414"/>
        <Baseline points="90,1401 195,1398 297,1398 396,1398 498,1395 597,1395 699,1392 798,1392 900,1392 1008,1392"/>
        <TextEquiv conf="1.000">
          <Unicode>sie nicht schon gestern in Sonderausgaben erschienen</Unicode>
        </TextEquiv>
      </TextLine>
      <TextLine id="5f0f5186-daed-4b56-90c6-462ba809642d" index="4" custom="{&quot;heights&quot;: [33.0, 13.4]}">
        <Coords points="87,1462 192,1459 294,1456 396,1456 495,1456 597,1453 699,1453 798,1453 900,1450 1008,1450 1008,1404 900,1404 797,1407 699,1407 597,1407 494,1410 396,1410 294,1410 191,1413 86,1416 87,1462"/>
        <Baseline points="87,1449 192,1446 294,1443 396,1443 495,1443 597,1440 699,1440 798,1440 900,1437 1008,1437"/>
        <TextEquiv conf="1.000">
          <Unicode>sind, heute Extra-Ausgaben veranstaltet, deren Inhalt</Unicode>
        </TextEquiv>
      </TextLine>
      <TextLine id="eb2ae52f-4f44-46d6-baed-e8144b2d94c5" index="5" custom="{&quot;heights&quot;: [32.9, 13.2]}">
        <Coords points="87,1504 192,1504 294,1504 393,1501 495,1501 594,1501 696,1498 795,1498 897,1495 1005,1492 1004,1446 896,1449 794,1452 696,1452 593,1455 495,1455 393,1455 293,1458 192,1458 87,1458 87,1504"/>
        <Baseline points="87,1491 192,1491 294,1491 393,1488 495,1488 594,1488 696,1485 795,1485 897,1482 1005,1479"/>
        <TextEquiv conf="1.000">
          <Unicode>ausschließlich der entsetzlichen Tat von Sarajevo ge-</Unicode>
        </TextEquiv>
      </TextLine>
      <TextLine id="3f409665-e3cd-4eb1-a195-ad94b0f4d923" index="6" custom="{&quot;heights&quot;: [32.7, 13.2]}">
        <Coords points="85,1552 189,1549 291,1549 393,1549 495,1549 594,1546 696,1546 798,1543 900,1543 1008,1540 1007,1494 899,1497 798,1497 695,1500 594,1500 494,1503 393,1503 291,1503 189,1503 85,1506 85,1552"/>
        <Baseline points="85,1539 189,1536 291,1536 393,1536 495,1536 594,1533 696,1533 798,1530 900,1530 1008,1527"/>
        <TextEquiv conf="1.000">
          <Unicode>widmet ist. In innigster Hingebung und in aufrich-</Unicode>
        </TextEquiv>
      </TextLine>
      <TextLine id="a7f4c224-a0a5-4404-8693-46c627fb7667" index="7" custom="{&quot;heights&quot;: [33.0, 13.4]}">
        <Coords points="1010,1542 902,1545 802,1542 698,1545 597,1545 494,1548 393,1548 291,1548 188,1551 85,1551 85,1597 189,1597 291,1594 393,1594 495,1594 597,1591 699,1591 801,1588 903,1591 1009,1588 1010,1542"/>
        <Baseline points="85,1584 189,1584 291,1581 393,1581 495,1581 597,1578 699,1578 801,1575 903,1578 1009,1575"/>
        <TextEquiv conf="1.000">
          <Unicode>tigstem Schmerze würdigt die Presse die glänzenden</Unicode>
        </TextEquiv>
      </TextLine>
      <TextLine id="3d702443-4205-4c83-a237-3f7c34347f68" index="8" custom="{&quot;heights&quot;: [33.0, 13.3]}">
        <Coords points="84,1642 189,1642 291,1639 393,1639 495,1639 594,1636 696,1636 798,1636 900,1636 1008,1633 1007,1587 899,1590 798,1590 696,1590 594,1590 494,1593 393,1593 291,1593 188,1596 85,1596 84,1642"/>
        <Baseline points="85,1629 189,1629 291,1626 393,1626 495,1626 594,1623 696,1623 798,1623 900,1623 1008,1620"/>
        <TextEquiv conf="1.000">
          <Unicode>Charaktergaben und hervorragenden Eigenschaften des</Unicode>
        </TextEquiv>
      </TextLine>
      <TextLine id="36f1b413-b5c0-4d43-b160-95f87fe2fdf6" index="9" custom="{&quot;heights&quot;: [33.1, 13.5]}">
        <Coords points="84,1685 84,1691 189,1688 291,1688 393,1688 495,1685 594,1685 696,1682 798,1682 900,1682 1008,1679 1007,1632 899,1635 798,1635 696,1635 593,1638 495,1638 392,1641 291,1641 189,1641 84,1644 84,1685"/>
        <Baseline points="84,1677 189,1674 291,1674 393,1674 495,1671 594,1671 696,1668 798,1668 900,1668 1008,1665"/>
        <TextEquiv conf="1.000">
          <Unicode>Herrn Erzherzogs, welcher für das Reich die zuver-</Unicode>
        </TextEquiv>
      </TextLine>
      <TextLine id="63845773-0e0f-47f7-87df-7b0a65e59a80" index="10" custom="{&quot;heights&quot;: [33.1, 13.4]}">
        <Coords points="84,1735 189,1735 291,1732 393,1732 492,1732 594,1729 696,1729 795,1729 897,1729 1005,1729 1005,1683 897,1683 795,1683 696,1683 594,1683 491,1686 393,1686 291,1686 188,1689 84,1689 84,1734 84,1735"/>
        <Baseline points="84,1722 189,1722 291,1719 393,1719 492,1719 594,1716 696,1716 795,1716 897,1716 1005,1716"/>
        <TextEquiv conf="1.000">
          <Unicode>lässigste Bürgschaft für eine glückliche Zukunft gewesen,</Unicode>
        </TextEquiv>
      </TextLine>
      <TextLine id="e67f31d3-b6a6-4f17-a84c-aac4a75f8290" index="11" custom="{&quot;heights&quot;: [32.8, 13.3]}">
        <Coords points="84,1780 189,1780 291,1780 393,1777 492,1777 594,1777 696,1774 795,1774 897,1774 1005,1777 1006,1731 898,1728 795,1728 696,1728 593,1731 492,1731 393,1731 290,1734 189,1734 84,1734 84,1780"/>
        <Baseline points="84,1767 189,1767 291,1767 393,1764 492,1764 594,1764 696,1761 795,1761 897,1761 1005,1764"/>
        <TextEquiv conf="1.000">
          <Unicode>sowie die Tugenden seiner erlauchten Gemahlin, die,</Unicode>
        </TextEquiv>
      </TextLine>
      <TextLine id="cd777f34-3222-45ab-948d-a99d38b80ccf" index="12" custom="{&quot;heights&quot;: [32.8, 13.3]}">
        <Coords points="84,1815 84,1828 189,1825 291,1825 393,1825 492,1822 594,1822 696,1819 795,1819 897,1819 1005,1819 1005,1773 897,1773 795,1773 696,1773 593,1776 492,1776 392,1779 291,1779 189,1779 84,1782 84,1815"/>
        <Baseline points="84,1815 189,1812 291,1812 393,1812 492,1809 594,1809 696,1806 795,1806 897,1806 1005,1806"/>
        <TextEquiv conf="1.000">
          <Unicode>im Leben als treue und hingebungsvolle Gefährtin das</Unicode>
        </TextEquiv>
      </TextLine>
      <TextLine id="b2a6dfe8-1e31-4667-8d17-574172f65d14" index="13" custom="{&quot;heights&quot;: [32.8, 13.3]}">
        <Coords points="84,1873 189,1873 291,1870 393,1870 492,1870 594,1867 696,1867 795,1864 897,1864 1005,1867 1006,1821 898,1818 795,1818 695,1821 594,1821 491,1824 393,1824 291,1824 188,1827 84,1827 84,1873"/>
        <Baseline points="84,1860 189,1860 291,1857 393,1857 492,1857 594,1854 696,1854 795,1851 897,1851 1005,1854"/>
        <TextEquiv conf="1.000">
          <Unicode>Schicksal ihres hohen Gemahls teilend, nunmehr auch</Unicode>
        </TextEquiv>
      </TextLine>
      <TextLine id="5daa0793-d035-49d8-9de3-7a72eb69f35f" index="14" custom="{&quot;heights&quot;: [32.9, 13.2]}">
        <Coords points="87,1921 192,1918 294,1915 393,1915 495,1915 594,1912 696,1912 795,1912 897,1912 1005,1912 1005,1866 897,1866 795,1866 696,1866 594,1866 494,1869 393,1869 294,1869 191,1872 86,1875 87,1921"/>
        <Baseline points="87,1908 192,1905 294,1902 393,1902 495,1902 594,1899 696,1899 795,1899 897,1899 1005,1899"/>
        <TextEquiv conf="1.000">
          <Unicode>im Tode mit ihm vereint geblieben ist. Alle Blicke,</Unicode>
        </TextEquiv>
      </TextLine>
      <TextLine id="a99a2d61-531a-48a4-b161-99b441057afa" index="15" custom="{&quot;heights&quot;: [33.1, 13.3]}">
        <Coords points="1009,1911 903,1911 801,1911 702,1911 599,1914 498,1914 398,1917 297,1917 195,1917 89,1920 90,1966 195,1963 297,1963 399,1963 498,1960 600,1960 702,1957 801,1957 903,1957 1009,1957 1009,1911"/>
        <Baseline points="90,1953 195,1950 297,1950 399,1950 498,1947 600,1947 702,1944 801,1944 903,1944 1009,1944"/>
        <TextEquiv conf="1.000">
          <Unicode>sagen die Blätter, wenden sich nun dem teuren Haupt</Unicode>
        </TextEquiv>
      </TextLine>
      <TextLine id="860a2ebe-ccdb-43a3-a1d2-9a6350cbbdaa" index="16" custom="{&quot;heights&quot;: [33.0, 13.2]}">
        <Coords points="87,2011 192,2008 294,2008 396,2008 495,2008 597,2005 699,2005 798,2005 900,2005 1008,2002 1007,1956 899,1959 798,1959 699,1959 597,1959 494,1962 396,1962 294,1962 192,1962 86,1965 87,2011"/>
        <Baseline points="87,1998 192,1995 294,1995 396,1995 495,1995 597,1992 699,1992 798,1992 900,1992 1008,1989"/>
        <TextEquiv conf="1.000">
          <Unicode>unseres Monarchen zu. Inniger als je schaut jetzt die</Unicode>
        </TextEquiv>
      </TextLine>
      <TextLine id="12a49b04-84f9-4a57-bc50-b8c9e3b6c511" index="17" custom="{&quot;heights&quot;: [33.0, 13.4]}">
        <Coords points="90,2056 195,2056 297,2053 396,2053 498,2053 597,2053 699,2050 798,2050 900,2050 1008,2050 1008,2004 900,2004 798,2004 699,2004 596,2007 498,2007 396,2007 297,2007 194,2010 90,2010 90,2056"/>
        <Baseline points="90,2043 195,2043 297,2040 396,2040 498,2040 597,2040 699,2037 798,2037 900,2037 1008,2037"/>
        <TextEquiv conf="1.000">
          <Unicode>Liebe der Österreicher zum Monarchen empor, mehr</Unicode>
        </TextEquiv>
      </TextLine>
      <TextLine id="16aaf680-749a-4af7-8881-6f26a837bb89" index="18" custom="{&quot;heights&quot;: [33.3, 13.7]}">
        <Coords points="87,2105 192,2102 294,2102 396,2102 495,2099 597,2099 699,2099 798,2096 900,2096 1008,2093 1007,2046 899,2049 798,2049 698,2052 597,2052 495,2052 395,2055 294,2055 192,2055 86,2058 87,2105"/>
        <Baseline points="87,2091 192,2088 294,2088 396,2088 495,2085 597,2085 699,2085 798,2082 900,2082 1008,2079"/>
        <TextEquiv conf="1.000">
          <Unicode>als je ist Sein Leben der Hort für unser aller Schick-</Unicode>
        </TextEquiv>
      </TextLine>
      <TextLine id="2414b33a-435e-480a-a7b5-5a331d9df41f" index="19" custom="{&quot;heights&quot;: [33.3, 13.6]}">
        <Coords points="1009,2094 903,2094 800,2097 702,2097 600,2097 498,2097 398,2100 297,2100 194,2103 89,2106 90,2153 195,2150 297,2147 399,2147 498,2144 600,2144 702,2144 801,2144 903,2141 1008,2141 1009,2094"/>
        <Baseline points="90,2139 195,2136 297,2133 399,2133 498,2130 600,2130 702,2130 801,2130 903,2127 1009,2127"/>
        <TextEquiv conf="1.000">
          <Unicode>sal, und alle Völker Seines Reiches vereinigen sich bei</Unicode>
        </TextEquiv>
      </TextLine>
      <TextLine id="f2ac9db6-cb45-4f9c-96d6-bb10c28553ee" index="20" custom="{&quot;heights&quot;: [33.3, 13.7]}">
        <Coords points="1008,2139 903,2139 800,2142 699,2142 596,2145 498,2145 396,2145 293,2148 192,2148 87,2148 87,2195 192,2195 294,2195 396,2192 498,2192 597,2192 699,2189 801,2189 903,2186 1008,2186 1008,2139"/>
        <Baseline points="87,2181 192,2181 294,2181 396,2178 498,2178 597,2178 699,2175 801,2175 903,2172 1008,2172"/>
        <TextEquiv conf="1.000">
          <Unicode>dem furchtbaren Schlage, der Kaiser und Reich be-</Unicode>
        </TextEquiv>
      </TextLine>
      <TextLine id="f1e8a0fe-9206-4fb2-bc71-817c95b8b0a0" index="21" custom="{&quot;heights&quot;: [33.3, 13.7]}">
        <Coords points="1008,2187 903,2187 801,2187 698,2190 597,2190 498,2190 395,2193 294,2193 192,2193 87,2193 87,2240 192,2240 294,2240 396,2240 498,2237 597,2237 699,2237 801,2234 903,2234 1008,2234 1008,2187"/>
        <Baseline points="87,2226 192,2226 294,2226 396,2226 498,2223 597,2223 699,2223 801,2220 903,2220 1008,2220"/>
        <TextEquiv conf="1.000">
          <Unicode>troffen, in dem innigsten Gebete: „Gott erhalte, Gott</Unicode>
        </TextEquiv>
      </TextLine>
      <TextLine id="5fad0c54-f9c7-4036-9c93-5ec94a43c133" index="22" custom="{&quot;heights&quot;: [33.6, 13.6]}">
        <Coords points="87,2288 142,2288 189,2285 240,2285 288,2285 339,2285 387,2285 438,2285 486,2285 543,2285 543,2237 486,2237 438,2237 387,2237 339,2237 288,2237 240,2237 189,2237 139,2240 87,2240 87,2288"/>
        <Baseline points="87,2274 141,2274 189,2271 240,2271 288,2271 339,2271 387,2271 438,2271 486,2271 543,2271"/>
        <TextEquiv conf="1.000">
          <Unicode>beschütze unseren Kaiser!“</Unicode>
        </TextEquiv>
      </TextLine>
      <TextLine id="32ed3781-5b0b-4d7e-99bf-0ef88df62405" index="23" custom="{&quot;heights&quot;: [34.1, 13.9]}">
        <Coords points="1008,2325 1007,2285 902,2288 807,2288 711,2288 615,2288 516,2288 419,2291 324,2291 228,2291 126,2291 126,2339 228,2339 324,2339 420,2339 516,2336 615,2336 711,2336 807,2336 903,2336 1008,2333 1008,2325"/>
        <Baseline points="126,2325 228,2325 324,2325 420,2325 516,2322 615,2322 711,2322 807,2322 903,2322 1008,2319"/>
        <TextEquiv conf="1.000">
          <Unicode>Auch die Provinzpresse veranstaltete gestern und</Unicode>
        </TextEquiv>
      </TextLine>
      <TextLine id="3a1df3e0-619c-4500-b9f1-9856b54af2b3" index="24" custom="{&quot;heights&quot;: [33.6, 13.7]}">
        <Coords points="87,2387 192,2387 294,2387 396,2387 495,2384 597,2381 699,2381 798,2381 900,2381 1008,2381 1008,2333 900,2333 798,2333 699,2333 597,2333 494,2336 395,2339 294,2339 192,2339 87,2339 87,2387"/>
        <Baseline points="87,2373 192,2373 294,2373 396,2373 495,2370 597,2367 699,2367 798,2367 900,2367 1008,2367"/>
        <TextEquiv conf="1.000">
          <Unicode>heute Extra-Ausgaben, welche die Bevölkerung von</Unicode>
        </TextEquiv>
      </TextLine>
      <TextLine id="dc6a39d7-9598-4ae6-8cf5-19e0b3428d89" index="25" custom="{&quot;heights&quot;: [33.3, 13.8]}">
        <Coords points="84,2435 189,2435 291,2435 393,2432 495,2429 534,2429 609,2428 696,2426 798,2426 900,2426 1008,2426 1008,2379 900,2379 798,2379 696,2379 593,2382 495,2382 392,2385 290,2388 189,2388 84,2388 84,2435"/>
        <Baseline points="84,2421 189,2421 291,2421 393,2418 495,2415 594,2415 696,2412 798,2412 900,2412 1008,2412"/>
        <TextEquiv conf="1.000">
          <Unicode>dem Hinscheiden des Erzherzogs und seiner Gemahlin</Unicode>
        </TextEquiv>
      </TextLine>
      <TextLine id="f679766f-a12d-4d5e-9a9e-481353de7a37" index="26" custom="{&quot;heights&quot;: [33.2, 13.7]}">
        <Coords points="84,2480 116,2480 337,2478 351,2477 387,2477 432,2477 432,2430 387,2430 351,2430 309,2433 276,2433 237,2433 201,2433 162,2433 126,2433 84,2433 84,2480"/>
        <Baseline points="84,2466 126,2466 162,2466 201,2466 237,2466 276,2466 312,2466 351,2463 387,2463 432,2463"/>
        <TextEquiv conf="1.000">
          <Unicode>in Kenntnis setzten.</Unicode>
        </TextEquiv>
      </TextLine>
    </TextRegion>
    <TextRegion id="da50f67f-51de-4362-bf7c-a7624e4db03c">
      <Coords points="84,2724 85,2818 738,2809 798,2764 1008,2758 1011,2530 135,2539 87,2586 84,2724"/>
      <TextLine id="66e7421f-1e89-4984-8ccc-4fcbdae851d7" index="0" custom="{&quot;heights&quot;: [34.5, 13.5]}">
        <Coords points="1011,2530 964,2530 882,2531 812,2534 717,2533 672,2533 596,2534 524,2537 429,2536 380,2536 310,2537 236,2540 135,2539 135,2587 237,2587 333,2584 429,2584 525,2584 621,2581 717,2581 813,2581 909,2578 1010,2578 1011,2530"/>
        <Baseline points="135,2574 237,2574 333,2571 429,2571 525,2571 621,2568 717,2568 813,2568 909,2565 1011,2565"/>
        <TextEquiv conf="1.000">
          <Unicode>Budapest, 29. Juni. (Meldung des Ungarischen</Unicode>
        </TextEquiv>
      </TextLine>
      <TextLine id="3b9d585e-f18d-44a6-9bc0-a415b5f470fe" index="1" custom="{&quot;heights&quot;: [33.0, 13.0]}">
        <Coords points="87,2632 159,2632 228,2632 298,2632 366,2629 435,2629 505,2629 573,2626 642,2626 717,2626 717,2580 642,2580 573,2580 503,2583 435,2583 366,2583 296,2586 228,2586 159,2586 87,2586 87,2632"/>
        <Baseline points="87,2619 159,2619 228,2619 297,2619 366,2616 435,2616 504,2616 573,2613 642,2613 717,2613"/>
        <TextEquiv conf="1.000">
          <Unicode>Telegraphen-Korrespondenz-Bureaus.)</Unicode>
        </TextEquiv>
      </TextLine>
      <TextLine id="9f9bfcbe-92b6-4d76-bfd1-b34507fed7e3" index="2" custom="{&quot;heights&quot;: [33.1, 13.1]}">
        <Coords points="1010,2622 905,2625 810,2625 714,2625 615,2625 518,2628 423,2628 324,2628 227,2631 126,2631 126,2677 228,2677 324,2674 423,2674 519,2674 615,2671 714,2671 810,2671 906,2671 1009,2668 1010,2622"/>
        <Baseline points="126,2664 228,2664 324,2661 423,2661 519,2661 615,2658 714,2658 810,2658 906,2658 1009,2655"/>
        <TextEquiv conf="1.000">
          <Unicode>Sämtliche Blätter sind mit Trauerrand erschienen</Unicode>
        </TextEquiv>
      </TextLine>
      <TextLine id="925098a4-b924-4203-a840-ec5b982cbe9e" index="3" custom="{&quot;heights&quot;: [33.2, 13.3]}">
        <Coords points="87,2725 192,2725 294,2722 396,2722 495,2719 597,2719 699,2719 798,2716 900,2716 1008,2713 1007,2667 899,2670 798,2670 698,2673 597,2673 495,2673 395,2676 294,2676 191,2679 87,2679 87,2725"/>
        <Baseline points="87,2712 192,2712 294,2709 396,2709 495,2706 597,2706 699,2706 798,2703 900,2703 1008,2700"/>
        <TextEquiv conf="1.000">
          <Unicode>und geben ihrem tiefen Schmerze sowie ihrer Ergriffen-</Unicode>
        </TextEquiv>
      </TextLine>
      <TextLine id="99b2a686-ae40-4f92-aecd-709ca2e2d94d" index="4" custom="{&quot;heights&quot;: [32.9, 13.3]}">
        <Coords points="84,2770 189,2770 291,2767 393,2767 495,2767 594,2764 696,2764 798,2764 798,2764 1008,2758 1008,2749 1007,2712 899,2715 797,2718 696,2718 594,2718 494,2721 393,2721 291,2721 188,2724 84,2724 84,2770"/>
        <Baseline points="84,2757 189,2757 291,2754 393,2754 495,2754 594,2751 696,2751 798,2751 900,2748 1008,2745"/>
        <TextEquiv conf="1.000">
          <Unicode>heit über die Katastrophe Ausdruck. Von sehr zahl-</Unicode>
        </TextEquiv>
      </TextLine>
      <TextLine id="f7ae0f00-6b14-432a-8442-8b99ea9e44b6" index="5" custom="{&quot;heights&quot;: [32.1, 13.3]}">
        <Coords points="85,2818 94,2818 159,2815 231,2815 284,2815 313,2815 375,2812 445,2812 516,2809 588,2809 660,2809 718,2809 738,2809 738,2764 660,2764 588,2764 516,2764 443,2767 375,2767 302,2770 231,2770 159,2770 85,2773 85,2818"/>
        <Baseline points="85,2805 159,2802 231,2802 303,2802 375,2799 444,2799 516,2796 588,2796 660,2796 738,2796"/>
        <TextEquiv conf="1.000">
          <Unicode>reichen Häusern wehen Trauerfahnen.</Unicode>
        </TextEquiv>
      </TextLine>
    </TextRegion>
    <TextRegion id="41d4202c-9816-4708-a0a3-3c0fbc273b4c">
      <Coords points="247,4319 798,4310 897,4262 1005,4259 1011,4075 1007,2906 614,2912 486,2867 129,2870 86,2964 88,4322 247,4319"/>
      <TextLine id="b3b0c187-75bc-40b5-9c30-f1ea510ca6f2" index="0" custom="{&quot;heights&quot;: [34.1, 13.6]}">
        <Coords points="346,2868 321,2870 306,2869 264,2869 246,2870 210,2870 171,2870 136,2870 129,2870 129,2918 171,2918 210,2918 250,2918 287,2915 325,2918 363,2915 402,2915 441,2915 486,2915 486,2867 346,2868"/>
        <Baseline points="129,2904 171,2904 210,2904 249,2904 288,2901 324,2904 363,2901 402,2901 441,2901 486,2901"/>
        <TextEquiv conf="1.000">
          <Unicode>Berlin, 29. Juni.</Unicode>
        </TextEquiv>
      </TextLine>
      <TextLine id="42d3926e-2283-4a8a-9dde-d808aa57379c" index="1" custom="{&quot;heights&quot;: [33.6, 13.6]}">
        <Coords points="1007,2906 902,2909 807,2909 787,2909 638,2912 614,2912 516,2912 420,2912 323,2915 228,2915 126,2915 126,2963 228,2963 324,2963 420,2960 516,2960 615,2960 711,2957 807,2957 903,2957 1007,2954 1007,2906"/>
        <Baseline points="126,2949 228,2949 324,2949 420,2946 516,2946 615,2946 711,2943 807,2943 903,2943 1007,2940"/>
        <TextEquiv conf="1.000">
          <Unicode>Die gesamte Presse, deren heutige Ausgaben fast</Unicode>
        </TextEquiv>
      </TextLine>
      <TextLine id="dccb99b4-7608-441e-a2d8-67a2b5c53bbd" index="2" custom="{&quot;heights&quot;: [33.2, 13.5]}">
        <Coords points="1007,2952 902,2955 801,2955 699,2955 596,2958 498,2958 396,2958 293,2961 192,2961 86,2964 86,2964 87,3011 192,3008 294,3008 396,3005 498,3005 597,3005 699,3002 801,3002 903,3002 1007,2999 1007,2952"/>
        <Baseline points="87,2997 192,2994 294,2994 396,2991 498,2991 597,2991 699,2988 801,2988 903,2988 1007,2985"/>
        <TextEquiv conf="1.000">
          <Unicode>ausschließlich mit den Nachrichten über das Attentat</Unicode>
        </TextEquiv>
      </TextLine>
      <TextLine id="d81da8be-8bf9-40f1-b993-27c0c4f6d4a5" index="3" custom="{&quot;heights&quot;: [33.5, 13.6]}">
        <Coords points="1007,2997 902,2999 801,2999 698,3002 597,3002 497,3005 396,3005 294,3005 192,3005 86,3008 86,3009 87,3056 192,3053 294,3053 396,3053 498,3053 597,3050 699,3050 801,3047 903,3047 1007,3044 1007,2997"/>
        <Baseline points="87,3042 192,3039 294,3039 396,3039 498,3039 597,3036 699,3036 801,3033 903,3033 1007,3030"/>
        <TextEquiv conf="1.000">
          <Unicode>in Sarajevo sowie mit Schilderungen der Persönlich-</Unicode>
        </TextEquiv>
      </TextLine>
      <TextLine id="e2d0610d-8cb2-4ec8-b162-275f182bfd80" index="4" custom="{&quot;heights&quot;: [33.4, 13.6]}">
        <Coords points="1007,3045 903,3045 800,3048 699,3048 596,3051 498,3051 395,3054 294,3054 192,3054 87,3054 87,3101 192,3101 294,3101 396,3101 498,3098 597,3098 699,3095 801,3095 903,3092 1008,3092 1007,3045"/>
        <Baseline points="87,3087 192,3087 294,3087 396,3087 498,3084 597,3084 699,3081 801,3081 903,3078 1008,3078"/>
        <TextEquiv conf="1.000">
          <Unicode>keit des Erzherzogs Franz Ferdinand gefüllt</Unicode>
        </TextEquiv>
      </TextLine>
      <TextLine id="b93f89ca-de56-431f-94c6-23314eec3772" index="5" custom="{&quot;heights&quot;: [33.6, 13.8]}">
        <Coords points="86,3149 177,3149 267,3146 354,3146 444,3146 531,3143 621,3143 708,3143 798,3140 894,3140 894,3092 798,3092 707,3095 621,3095 531,3095 443,3098 354,3098 267,3098 176,3101 86,3101 86,3149"/>
        <Baseline points="86,3135 177,3135 267,3132 354,3132 444,3132 531,3129 621,3129 708,3129 798,3126 894,3126"/>
        <TextEquiv conf="1.000">
          <Unicode>sind, bespricht in Leitartikeln die Schreckenstat.</Unicode>
        </TextEquiv>
      </TextLine>
      <TextLine id="c8ce5ea3-75a1-40f4-8be0-93c3c032809f" index="6" custom="{&quot;heights&quot;: [33.8, 13.7]}">
        <Coords points="1008,3146 906,3146 807,3146 711,3146 611,3149 516,3149 417,3149 320,3152 222,3152 120,3152 120,3200 222,3200 321,3200 417,3197 516,3197 612,3197 711,3194 807,3194 906,3194 1008,3194 1008,3146"/>
        <Baseline points="120,3186 222,3186 321,3186 417,3183 516,3183 612,3183 711,3180 807,3180 906,3180 1008,3180"/>
        <TextEquiv conf="1.000">
          <Unicode>Der „Lokal-Anzeiger“ schreibt: Es wäre ein</Unicode>
        </TextEquiv>
      </TextLine>
      <TextLine id="abf7e90b-8f81-487d-b995-02d49e1e17eb" index="7" custom="{&quot;heights&quot;: [33.6, 13.6]}">
        <Coords points="1008,3194 903,3194 801,3194 699,3194 597,3194 497,3197 396,3197 294,3197 191,3200 87,3200 87,3248 192,3248 294,3245 396,3245 498,3245 597,3242 699,3242 801,3242 903,3242 1008,3242 1008,3194"/>
        <Baseline points="87,3234 192,3234 294,3231 396,3231 498,3231 597,3228 699,3228 801,3228 903,3228 1008,3228"/>
        <TextEquiv conf="1.000">
          <Unicode>vergebliches Unterfangen, Worte für die Entrüstung</Unicode>
        </TextEquiv>
      </TextLine>
      <TextLine id="ac41c185-66e4-4fc9-b697-5ae98687bab7" index="8" custom="{&quot;heights&quot;: [33.3, 13.7]}">
        <Coords points="1008,3237 902,3240 801,3240 699,3240 597,3240 497,3243 395,3246 294,3246 192,3246 87,3246 87,3293 192,3293 294,3293 396,3293 498,3290 597,3287 699,3287 801,3287 903,3287 1008,3284 1008,3237"/>
        <Baseline points="87,3279 192,3279 294,3279 396,3279 498,3276 597,3273 699,3273 801,3273 903,3273 1008,3270"/>
        <TextEquiv conf="1.000">
          <Unicode>und das Entsetzen finden zu wollen, die in diesem</Unicode>
        </TextEquiv>
      </TextLine>
      <TextLine id="a75a49aa-c6ba-4461-b7fe-62947c0ea301" index="9" custom="{&quot;heights&quot;: [33.5, 13.6]}">
        <Coords points="1008,3282 902,3285 801,3284 699,3284 597,3284 497,3288 395,3291 294,3290 192,3290 87,3290 87,3338 192,3338 294,3338 396,3338 498,3335 597,3332 699,3332 801,3332 903,3332 1008,3329 1008,3282"/>
        <Baseline points="87,3324 192,3324 294,3324 396,3324 498,3321 597,3318 699,3318 801,3318 903,3318 1008,3315"/>
        <TextEquiv conf="1.000">
          <Unicode>Augenblick auf der gesamten gesitteten Welt lasten.</Unicode>
        </TextEquiv>
      </TextLine>
      <TextLine id="bb9d2cc8-e6c1-4165-83df-75bc778048f9" index="10" custom="{&quot;heights&quot;: [33.4, 13.4]}">
        <Coords points="1008,3330 903,3330 801,3330 698,3333 597,3333 495,3333 392,3336 291,3336 188,3339 87,3339 87,3385 189,3385 291,3382 393,3382 495,3379 597,3379 699,3379 801,3376 903,3376 1009,3376 1008,3330"/>
        <Baseline points="87,3372 189,3372 291,3369 393,3369 495,3366 597,3366 699,3366 801,3363 903,3363 1009,3363"/>
        <TextEquiv conf="1.000">
          <Unicode>Aller Augen haften in tiefstem Mitgefühl an der</Unicode>
        </TextEquiv>
      </TextLine>
      <TextLine id="1a2206fb-3b20-4f11-9c76-13aa818cde3a" index="11" custom="{&quot;heights&quot;: [34.1, 14.1]}">
        <Coords points="87,3431 156,3431 222,3431 291,3431 358,3431 423,3428 492,3428 559,3428 624,3425 699,3425 699,3377 624,3377 556,3380 492,3380 423,3380 355,3383 291,3383 222,3383 156,3383 87,3383 87,3431"/>
        <Baseline points="87,3417 156,3417 222,3417 291,3417 357,3417 423,3414 492,3414 558,3414 624,3411 699,3411"/>
        <TextEquiv conf="1.000">
          <Unicode>Gestalt des vielgeprüften Herrschers.</Unicode>
        </TextEquiv>
      </TextLine>
      <TextLine id="8cb2e365-1bb1-4cbc-82d2-99f60a9bf928" index="12" custom="{&quot;heights&quot;: [34.1, 14.3]}">
        <Coords points="1009,3428 905,3431 807,3431 711,3431 612,3431 516,3431 416,3434 321,3434 222,3434 119,3437 120,3485 222,3482 321,3482 417,3482 516,3479 612,3479 711,3479 807,3479 906,3479 1009,3476 1009,3428"/>
        <Baseline points="120,3471 222,3468 321,3468 417,3468 516,3465 612,3465 711,3465 807,3465 906,3465 1009,3462"/>
        <TextEquiv conf="1.000">
          <Unicode>Das „Berliner Tageblatt', das als Be-</Unicode>
        </TextEquiv>
      </TextLine>
      <TextLine id="9aea145b-acda-4b64-b614-42e8758412ed" index="13" custom="{&quot;heights&quot;: [33.6, 14.1]}">
        <Coords points="1009,3473 903,3473 800,3476 699,3476 596,3479 495,3479 392,3482 291,3482 189,3482 87,3485 87,3533 189,3530 291,3530 393,3530 495,3527 597,3527 699,3524 801,3524 903,3521 1009,3521 1009,3473"/>
        <Baseline points="87,3519 189,3516 291,3516 393,3516 495,3513 597,3513 699,3510 801,3510 903,3507 1009,3507"/>
        <TextEquiv conf="1.000">
          <Unicode>weggrund der Tat den Haß der Serben gegen den</Unicode>
        </TextEquiv>
      </TextLine>
      <TextLine id="20b47c69-8bbc-49ec-8718-88f9d27a8cf2" index="14" custom="{&quot;heights&quot;: [33.5, 13.8]}">
        <Coords points="1009,3521 904,3519 800,3522 699,3522 596,3525 495,3525 392,3528 291,3528 189,3528 87,3530 87,3578 189,3575 291,3575 393,3575 495,3572 597,3572 699,3569 801,3569 903,3566 1009,3569 1009,3521"/>
        <Baseline points="87,3564 189,3561 291,3561 393,3561 495,3558 597,3558 699,3555 801,3555 903,3552 1009,3555"/>
        <TextEquiv conf="1.000">
          <Unicode>österreichisch-ungarischen Staat ansieht, schreibt: Im</Unicode>
        </TextEquiv>
      </TextLine>
      <TextLine id="0ea02512-0efd-4801-82bf-6f1b3f290f90" index="15" custom="{&quot;heights&quot;: [33.5, 13.8]}">
        <Coords points="1009,3566 903,3566 801,3566 698,3569 597,3569 494,3572 393,3572 290,3575 189,3575 87,3578 87,3626 189,3623 291,3623 393,3620 495,3620 597,3617 699,3617 801,3614 903,3614 1009,3614 1009,3566"/>
        <Baseline points="87,3612 189,3609 291,3609 393,3606 495,3606 597,3603 699,3603 801,3600 903,3600 1009,3600"/>
        <TextEquiv conf="1.000">
          <Unicode>Interesse des verbündeten Österreich-Ungarn muß man</Unicode>
        </TextEquiv>
      </TextLine>
      <TextLine id="17beed18-090a-4bd5-ad47-8799cd80d057" index="16" custom="{&quot;heights&quot;: [33.6, 13.5]}">
        <Coords points="87,3670 189,3668 291,3668 393,3668 495,3665 594,3665 696,3662 798,3662 900,3659 1008,3659 1008,3611 900,3611 797,3614 696,3614 593,3617 495,3617 392,3620 291,3620 189,3620 87,3623 87,3670"/>
        <Baseline points="87,3657 189,3654 291,3654 393,3654 495,3651 594,3651 696,3648 798,3648 900,3645 1008,3645"/>
        <TextEquiv conf="1.000">
          <Unicode>hoffen, daß Kaiser Franz Joseph Kraft genug</Unicode>
        </TextEquiv>
      </TextLine>
      <TextLine id="50ff1b9d-9569-49ae-8c86-9040e20e0ed5" index="17" custom="{&quot;heights&quot;: [33.3, 13.8]}">
        <Coords points="87,3713 192,3716 294,3713 396,3713 495,3710 597,3710 699,3707 798,3707 900,3704 1008,3704 1008,3657 900,3657 797,3660 699,3660 596,3663 495,3663 395,3666 294,3666 191,3669 88,3666 87,3696 87,3713"/>
        <Baseline points="87,3699 192,3702 294,3699 396,3699 495,3696 597,3696 699,3693 798,3693 900,3690 1008,3690"/>
        <TextEquiv conf="1.000">
          <Unicode>behalten hat, zu so viel Schwerem auch dieses noch</Unicode>
        </TextEquiv>
      </TextLine>
      <TextLine id="92a65d27-3753-4b0b-bfd9-41ebfc0e458b" index="18" custom="{&quot;heights&quot;: [33.2, 14.7]}">
        <Coords points="91,3765 138,3762 180,3762 223,3762 271,3759 268,3711 220,3714 180,3714 138,3714 88,3717 91,3765"/>
        <Baseline points="90,3750 138,3747 180,3747 222,3747 270,3744"/>
        <TextEquiv conf="1.000">
          <Unicode>zu tragen.</Unicode>
        </TextEquiv>
      </TextLine>
      <TextLine id="a0fc3e11-09e0-4981-baae-3d1eb8521c69" index="19" custom="{&quot;heights&quot;: [33.5, 13.3]}">
        <Coords points="1010,3758 906,3758 807,3758 710,3762 612,3761 516,3761 416,3765 321,3764 221,3768 120,3767 120,3814 222,3814 321,3811 417,3811 516,3808 612,3808 711,3808 807,3805 906,3805 1010,3805 1010,3758"/>
        <Baseline points="120,3801 222,3801 321,3798 417,3798 516,3795 612,3795 711,3795 807,3792 906,3792 1010,3792"/>
        <TextEquiv conf="0.995">
          <Unicode>Die „Vossische Zeitung“ sagt: Es herrscht</Unicode>
        </TextEquiv>
      </TextLine>
      <TextLine id="95f77c23-9bfd-41c8-95c0-95f184035d04" index="20" custom="{&quot;heights&quot;: [32.9, 13.3]}">
        <Coords points="1010,3801 902,3804 801,3804 698,3807 597,3807 498,3807 395,3810 294,3810 191,3813 87,3816 87,3860 87,3862 192,3859 294,3856 396,3856 498,3853 597,3853 699,3853 801,3850 903,3850 1010,3847 1010,3801"/>
        <Baseline points="87,3849 192,3846 294,3843 396,3843 498,3840 597,3840 699,3840 801,3837 903,3837 1010,3834"/>
        <TextEquiv conf="1.000">
          <Unicode>nur eine Stimme des Abscheus über das Verbrechen</Unicode>
        </TextEquiv>
      </TextLine>
      <TextLine id="32607dde-4467-496f-a05e-840fd7c67ca2" index="21" custom="{&quot;heights&quot;: [32.8, 13.1]}">
        <Coords points="1010,3851 1010,3846 902,3849 801,3849 698,3852 597,3852 497,3855 396,3855 293,3858 192,3858 87,3861 87,3907 192,3904 294,3904 396,3901 498,3901 597,3898 699,3898 801,3895 903,3895 1010,3892 1010,3851"/>
        <Baseline points="87,3894 192,3891 294,3891 396,3888 498,3888 597,3885 699,3885 801,3882 903,3882 1010,3879"/>
        <TextEquiv conf="1.000">
          <Unicode>und über die Gesinnung, aus der es geboren ist, über</Unicode>
        </TextEquiv>
      </TextLine>
      <TextLine id="2e864556-dad2-45f7-a6f6-5ff782c8c08d" index="22" custom="{&quot;heights&quot;: [32.8, 13.0]}">
        <Coords points="1010,3894 903,3894 801,3894 698,3897 596,3900 495,3900 392,3903 291,3903 188,3906 87,3906 87,3952 189,3952 291,3949 393,3949 495,3946 597,3946 699,3943 801,3940 903,3940 1011,3940 1010,3894"/>
        <Baseline points="87,3939 189,3939 291,3936 393,3936 495,3933 597,3933 699,3930 801,3927 903,3927 1010,3927"/>
        <TextEquiv conf="1.000">
          <Unicode>die Hetzer und Wühler, welche die Leidenschaften bis</Unicode>
        </TextEquiv>
      </TextLine>
      <TextLine id="93c2b8f9-aa20-4590-a51f-bf7d34c05668" index="23" custom="{&quot;heights&quot;: [32.7, 12.9]}">
        <Coords points="1011,3939 903,3939 800,3942 699,3942 596,3945 495,3945 392,3948 290,3951 189,3951 87,3954 88,4000 189,3997 291,3997 393,3994 495,3991 597,3991 699,3988 801,3988 903,3985 1011,3985 1011,3939"/>
        <Baseline points="88,3987 189,3984 291,3984 393,3981 495,3978 597,3978 699,3975 801,3975 903,3972 1011,3972"/>
        <TextEquiv conf="1.000">
          <Unicode>zum Wahnsinn schüren und stacheln; nur eine</Unicode>
        </TextEquiv>
      </TextLine>
      <TextLine id="e44aa8ff-2935-4cf8-bf6b-8996545e5b56" index="24" custom="{&quot;heights&quot;: [32.8, 13.0]}">
        <Coords points="1011,3987 903,3987 801,3987 698,3990 597,3990 494,3993 393,3993 290,3996 189,3996 88,3996 88,4042 189,4042 291,4042 393,4039 495,4039 597,4036 699,4036 801,4033 903,4033 1011,4033 1011,3987"/>
        <Baseline points="88,4029 189,4029 291,4029 393,4026 495,4026 597,4023 699,4023 801,4020 903,4020 1011,4020"/>
        <TextEquiv conf="1.000">
          <Unicode>Stimme des tiefsten Mitgefühls mit dem ruhmreichen</Unicode>
        </TextEquiv>
      </TextLine>
      <TextLine id="935e80a0-2c5f-41d4-a39e-bfec80152ed5" index="25" custom="{&quot;heights&quot;: [32.9, 13.1]}">
        <Coords points="1011,4075 1011,4060 1010,4029 902,4032 801,4032 698,4035 597,4035 494,4038 393,4038 290,4041 189,4041 88,4044 88,4090 189,4087 291,4087 393,4084 495,4084 597,4081 699,4081 801,4078 903,4078 1011,4075 1011,4075"/>
        <Baseline points="88,4077 189,4074 291,4074 393,4071 495,4071 597,4068 699,4068 801,4065 903,4065 1011,4062"/>
        <TextEquiv conf="1.000">
          <Unicode>Hause der Habsburger, das abermals von einer</Unicode>
        </TextEquiv>
      </TextLine>
      <TextLine id="b14eed6b-9c9b-4e10-bde5-f29b6bee25d4" index="26" custom="{&quot;heights&quot;: [33.4, 13.5]}">
        <Coords points="88,4135 189,4132 291,4132 393,4129 495,4129 594,4129 696,4126 798,4123 900,4123 1008,4120 1007,4074 899,4077 798,4077 695,4080 593,4083 495,4083 393,4083 290,4086 189,4086 88,4089 88,4135"/>
        <Baseline points="88,4122 189,4119 291,4119 393,4116 495,4116 594,4116 696,4113 798,4110 900,4110 1008,4107"/>
        <TextEquiv conf="1.000">
          <Unicode>schweren Katastrophe ereilt ist; nur eine Stimme der</Unicode>
        </TextEquiv>
      </TextLine>
      <TextLine id="45edd7c0-85eb-4ce8-9c78-826bc3af0264" index="27" custom="{&quot;heights&quot;: [33.6, 13.7]}">
        <Coords points="88,4181 189,4181 291,4181 393,4178 492,4178 594,4175 696,4172 795,4172 897,4169 1005,4169 1005,4121 897,4121 794,4124 696,4124 593,4127 491,4130 393,4130 290,4133 189,4133 88,4133 88,4181"/>
        <Baseline points="88,4167 189,4167 291,4167 393,4164 492,4164 594,4161 696,4158 795,4158 897,4155 1005,4155"/>
        <TextEquiv conf="1.000">
          <Unicode>Teilnahme aller zivilisierten Nationen an der Trauer,</Unicode>
        </TextEquiv>
      </TextLine>
      <TextLine id="4b58a0b2-d8ce-49fa-bca9-1603993c097f" index="28" custom="{&quot;heights&quot;: [33.6, 13.8]}">
        <Coords points="1008,4182 1007,4166 899,4169 798,4169 695,4172 594,4172 494,4175 392,4178 291,4178 189,4178 88,4181 88,4229 189,4226 291,4226 393,4226 495,4223 594,4220 696,4220 798,4217 900,4217 1006,4214 1008,4182"/>
        <Baseline points="88,4215 189,4212 291,4212 393,4212 495,4209 594,4206 696,4206 798,4203 900,4203 1007,4200"/>
        <TextEquiv conf="1.000">
          <Unicode>in die Österreich-Ungarn und seine Dynastie der vor-</Unicode>
        </TextEquiv>
      </TextLine>
      <TextLine id="c7d2767f-4103-4176-9c3b-0dc6866acfd9" index="29" custom="{&quot;heights&quot;: [34.0, 13.8]}">
        <Coords points="1005,4253 1004,4211 896,4214 794,4217 696,4217 594,4217 491,4220 392,4223 291,4223 188,4226 88,4229 88,4277 189,4274 291,4271 393,4271 492,4268 594,4265 696,4265 795,4265 897,4262 1005,4259 1005,4253"/>
        <Baseline points="88,4263 189,4260 291,4257 393,4257 492,4254 594,4251 696,4251 795,4251 897,4248 1005,4245"/>
        <TextEquiv conf="1.000">
          <Unicode>zeitige Tod seines hoffnungsvollen, tatfreudigen Thron-</Unicode>
        </TextEquiv>
      </TextLine>
      <TextLine id="1654698e-cb4b-48a1-9419-00de026210df" index="30" custom="{&quot;heights&quot;: [34.7, 13.8]}">
        <Coords points="643,4313 714,4310 798,4310 798,4261 714,4261 635,4264 558,4264 480,4264 401,4267 324,4267 245,4270 168,4270 88,4273 88,4322 168,4319 247,4319 324,4316 403,4316 480,4313 558,4313 628,4313 643,4313"/>
        <Baseline points="88,4308 168,4305 246,4305 324,4302 402,4302 480,4299 558,4299 636,4299 714,4296 798,4296"/>
        <TextEquiv conf="1.000">
          <Unicode>folgers und seiner Gemahlin versetzt hat.</Unicode>
        </TextEquiv>
      </TextLine>
    </TextRegion>
    <TextRegion id="a3ab5c6c-bde2-4748-81de-28f274af7520">
      <Coords points="1035,1104 1039,1883 1029,2475 1038,3339 1035,4307 1950,4298 1956,3842 1946,3515 1953,3196 1947,2653 1953,2284 1947,2103 1950,138 1061,144 1035,189 1029,648 1035,1104"/>
      <TextLine id="2461eb78-f368-4650-a21d-db9d9bc19bce" index="0" custom="{&quot;heights&quot;: [33.4, 14.1]}">
        <Coords points="1950,138 1061,144 1062,191 1164,188 1260,188 1359,188 1455,188 1554,188 1650,185 1749,185 1845,185 1950,185 1950,138"/>
        <Baseline points="1062,177 1164,174 1260,174 1359,174 1455,174 1554,174 1650,171 1749,171 1845,171 1950,171"/>
        <TextEquiv conf="1.000">
          <Unicode>Die „Berliner Neuesten Nachrichten“</Unicode>
        </TextEquiv>
      </TextLine>
      <TextLine id="2fbdd147-9d0d-4b5a-a17c-a7660bd3d568" index="1" custom="{&quot;heights&quot;: [33.3, 13.9]}">
        <Coords points="1950,183 1845,183 1743,183 1644,183 1541,186 1443,186 1341,186 1242,186 1139,189 1035,189 1035,189 1035,236 1140,236 1242,233 1341,233 1443,233 1542,233 1644,230 1743,230 1845,230 1950,230 1950,183"/>
        <Baseline points="1035,222 1140,222 1242,219 1341,219 1443,219 1542,219 1644,216 1743,216 1845,216 1950,216"/>
        <TextEquiv conf="1.000">
          <Unicode>führen aus: Es ist im Augenblicke nicht abzusehen, ob</Unicode>
        </TextEquiv>
      </TextLine>
      <TextLine id="ec317c8d-d18a-4274-80d0-f2d32caac4b3" index="2" custom="{&quot;heights&quot;: [33.3, 13.9]}">
        <Coords points="1950,225 1844,228 1743,228 1643,231 1542,231 1443,231 1340,234 1242,234 1140,234 1035,234 1035,281 1140,281 1242,281 1341,281 1443,278 1542,278 1644,278 1743,275 1845,275 1950,272 1950,225"/>
        <Baseline points="1035,267 1140,267 1242,267 1341,267 1443,264 1542,264 1644,264 1743,261 1845,261 1950,258"/>
        <TextEquiv conf="1.000">
          <Unicode>und welche äußeren Folgen die Katastrophe von Sara-</Unicode>
        </TextEquiv>
      </TextLine>
      <TextLine id="bd07b715-f2e4-4374-a98d-31dcfbb6718d" index="3" custom="{&quot;heights&quot;: [33.1, 13.7]}">
        <Coords points="1950,273 1845,273 1742,276 1644,276 1542,276 1442,279 1341,279 1242,279 1139,282 1035,282 1035,329 1140,329 1242,326 1341,326 1443,326 1542,323 1644,323 1743,323 1845,320 1950,320 1950,273"/>
        <Baseline points="1035,315 1140,315 1242,312 1341,312 1443,312 1542,309 1644,309 1743,309 1845,306 1950,306"/>
        <TextEquiv conf="1.000">
          <Unicode>jevo nach sich ziehen mag. Einstweilen hält Germania</Unicode>
        </TextEquiv>
      </TextLine>
      <TextLine id="11d7488e-c993-4d9f-a3e0-9551497422ae" index="4" custom="{&quot;heights&quot;: [33.2, 13.7]}">
        <Coords points="1950,321 1842,321 1743,321 1640,324 1542,324 1440,324 1341,324 1239,324 1139,327 1035,327 1035,374 1140,374 1239,371 1341,371 1440,371 1542,371 1641,371 1743,368 1842,368 1950,368 1950,321"/>
        <Baseline points="1035,360 1140,360 1239,357 1341,357 1440,357 1542,357 1641,357 1743,354 1842,354 1950,354"/>
        <TextEquiv conf="1.000">
          <Unicode>mit die Ehrenwacht an der Bahre dieses Fürsten,</Unicode>
        </TextEquiv>
      </TextLine>
      <TextLine id="62c5fc4d-3e48-45c1-903e-9326903f6657" index="5" custom="{&quot;heights&quot;: [33.1, 13.6]}">
        <Coords points="1032,418 1032,419 1137,419 1236,419 1338,416 1437,416 1539,416 1638,413 1740,413 1839,413 1947,413 1947,366 1839,366 1740,366 1638,366 1538,369 1437,369 1338,369 1235,372 1137,372 1033,372 1032,418"/>
        <Baseline points="1032,405 1137,405 1236,405 1338,402 1437,402 1539,402 1638,399 1740,399 1839,399 1947,399"/>
        <TextEquiv conf="1.000">
          <Unicode>dessen Andenken am besten geehrt und gewahrt wird,</Unicode>
        </TextEquiv>
      </TextLine>
      <TextLine id="386fce75-7524-490c-a06c-8f80956c8c21" index="6" custom="{&quot;heights&quot;: [33.4, 13.7]}">
        <Coords points="1950,411 1844,414 1743,414 1644,414 1542,414 1440,414 1340,417 1239,417 1137,417 1032,417 1032,418 1032,464 1137,464 1239,464 1341,464 1440,461 1542,461 1644,461 1743,461 1845,461 1950,458 1950,411"/>
        <Baseline points="1032,450 1137,450 1239,450 1341,450 1440,447 1542,447 1644,447 1743,447 1845,447 1950,444"/>
        <TextEquiv conf="1.000">
          <Unicode>wenn sich aller Patrioten Herzen in dieser tiefernsten</Unicode>
        </TextEquiv>
      </TextLine>
      <TextLine id="23a4bc33-1adb-49f9-bc90-00d956a23f01" index="7" custom="{&quot;heights&quot;: [33.3, 13.8]}">
        <Coords points="1950,459 1845,459 1743,459 1644,459 1542,459 1442,462 1341,462 1242,462 1140,462 1034,465 1035,512 1140,509 1242,509 1341,509 1443,509 1542,506 1644,506 1743,506 1845,506 1949,506 1950,459"/>
        <Baseline points="1035,498 1140,495 1242,495 1341,495 1443,495 1542,492 1644,492 1743,492 1845,492 1949,492"/>
        <TextEquiv conf="1.000">
          <Unicode>Stunde zu dem einzigen Wunsche vereinigen: „Gott</Unicode>
        </TextEquiv>
      </TextLine>
      <TextLine id="c9ea5272-79de-41e0-9326-d3504464550f" index="8" custom="{&quot;heights&quot;: [33.4, 14.1]}">
        <Coords points="1035,557 1089,557 1137,557 1188,557 1236,557 1288,557 1335,554 1386,554 1434,554 1491,554 1491,507 1434,507 1386,507 1335,507 1285,510 1236,510 1188,510 1137,510 1089,510 1035,510 1035,557"/>
        <Baseline points="1035,543 1089,543 1137,543 1188,543 1236,543 1287,543 1335,540 1386,540 1434,540 1491,540"/>
        <TextEquiv conf="1.000">
          <Unicode>schütze Österreich-Ungarn!“</Unicode>
        </TextEquiv>
      </TextLine>
      <TextLine id="f5dfd064-5e61-4526-a05c-c0249843f648" index="9" custom="{&quot;heights&quot;: [33.6, 14.1]}">
        <Coords points="1949,548 1845,548 1748,551 1650,551 1554,551 1455,551 1359,551 1259,554 1164,554 1062,554 1062,602 1164,602 1260,602 1359,599 1455,599 1554,599 1650,599 1749,599 1845,596 1949,596 1949,548"/>
        <Baseline points="1062,588 1164,588 1260,588 1359,585 1455,585 1554,585 1650,585 1749,585 1845,582 1949,582"/>
        <TextEquiv conf="1.000">
          <Unicode>Die „Deutsche Tages-Zeitung“ schreibt:</Unicode>
        </TextEquiv>
      </TextLine>
      <TextLine id="9146803c-345e-4b12-818a-009be350b578" index="10" custom="{&quot;heights&quot;: [33.2, 14.1]}">
        <Coords points="1949,594 1845,594 1743,594 1643,597 1542,597 1440,597 1340,600 1239,600 1137,600 1032,600 1032,647 1137,647 1239,647 1341,647 1440,644 1542,644 1644,644 1743,641 1845,641 1949,641 1949,594"/>
        <Baseline points="1032,633 1137,633 1239,633 1341,633 1440,630 1542,630 1644,630 1743,627 1845,627 1949,627"/>
        <TextEquiv conf="1.000">
          <Unicode>Die Person des Erzherzogs bildete für das Deutsche</Unicode>
        </TextEquiv>
      </TextLine>
      <TextLine id="a135b5d9-ace8-406b-b154-6538ebbc6976" index="11" custom="{&quot;heights&quot;: [33.3, 13.8]}">
        <Coords points="1949,639 1842,639 1739,642 1641,642 1539,642 1436,645 1338,645 1236,645 1133,648 1029,648 1029,648 1030,695 1134,695 1236,692 1338,692 1437,692 1539,689 1641,689 1740,689 1842,686 1949,686 1949,639"/>
        <Baseline points="1029,681 1134,681 1236,678 1338,678 1437,678 1539,675 1641,675 1740,675 1842,672 1949,672"/>
        <TextEquiv conf="1.000">
          <Unicode>Reich eine feste, vertrauenerweckende Gewähr für die</Unicode>
        </TextEquiv>
      </TextLine>
      <TextLine id="89c26a73-c0fe-4c13-9b93-d5dc56f44071" index="12" custom="{&quot;heights&quot;: [33.4, 13.8]}">
        <Coords points="1949,687 1842,687 1740,687 1641,687 1538,690 1440,690 1338,690 1238,693 1137,693 1032,693 1032,740 1137,740 1239,740 1338,737 1440,737 1539,737 1641,734 1740,734 1842,734 1949,734 1949,687"/>
        <Baseline points="1032,726 1137,726 1239,726 1338,723 1440,723 1539,723 1641,720 1740,720 1842,720 1949,720"/>
        <TextEquiv conf="1.000">
          <Unicode>Gemeinsamkeit unserer Zukunft, hauptsächlich auch,</Unicode>
        </TextEquiv>
      </TextLine>
      <TextLine id="a68f2755-222d-48fa-b97e-84ec88f9997c" index="13" custom="{&quot;heights&quot;: [33.3, 13.6]}">
        <Coords points="1949,732 1845,732 1743,732 1644,732 1541,735 1440,735 1340,738 1239,738 1137,738 1032,738 1032,785 1137,785 1239,785 1341,785 1440,782 1542,782 1644,779 1743,779 1845,779 1949,779 1949,732"/>
        <Baseline points="1032,771 1137,771 1239,771 1341,771 1440,768 1542,768 1644,765 1743,765 1845,765 1949,765"/>
        <TextEquiv conf="1.000">
          <Unicode>weil wir in ihm eine Bürgschaft für die Zukunft der</Unicode>
        </TextEquiv>
      </TextLine>
      <TextLine id="d25149b5-1b1e-477a-b13c-d9f209b9cb5e" index="14" custom="{&quot;heights&quot;: [33.0, 13.7]}">
        <Coords points="1949,777 1841,780 1741,777 1640,780 1539,780 1439,783 1338,783 1239,783 1137,783 1031,786 1032,833 1137,830 1239,830 1338,830 1440,830 1539,827 1641,827 1740,824 1842,827 1949,824 1949,777"/>
        <Baseline points="1032,819 1137,816 1239,816 1338,816 1440,816 1539,813 1641,813 1740,810 1842,813 1949,810"/>
        <TextEquiv conf="1.000">
          <Unicode>Doppelmonarchie zu erblicken uns berechtigt glaubten.</Unicode>
        </TextEquiv>
      </TextLine>
      <TextLine id="b5741f7a-787c-4293-a529-7d2b9ccd0cec" index="15" custom="{&quot;heights&quot;: [33.2, 13.8]}">
        <Coords points="1074,878 1114,878 1146,875 1179,875 1212,875 1248,875 1281,875 1314,875 1347,875 1389,875 1389,828 1347,828 1314,828 1281,828 1248,828 1212,828 1179,828 1146,828 1110,831 1074,831 1074,878"/>
        <Baseline points="1074,864 1113,864 1146,861 1179,861 1212,861 1248,861 1281,861 1314,861 1347,861 1389,861"/>
        <TextEquiv conf="1.000">
          <Unicode>Köln, 29. Juni.</Unicode>
        </TextEquiv>
      </TextLine>
      <TextLine id="50701cb7-90bd-4c2b-9ecd-2992266e9a23" index="16" custom="{&quot;heights&quot;: [33.2, 13.8]}">
        <Coords points="1949,867 1845,867 1748,870 1653,870 1557,870 1457,873 1362,873 1266,873 1169,876 1068,876 1068,923 1170,923 1266,920 1362,920 1458,920 1557,917 1653,917 1749,917 1845,914 1949,914 1949,867"/>
        <Baseline points="1068,909 1170,909 1266,906 1362,906 1458,906 1557,903 1653,903 1749,903 1845,900 1949,900"/>
        <TextEquiv conf="1.000">
          <Unicode>Die „Kölnische Zeitung“ und die „Kölnische Volks-</Unicode>
        </TextEquiv>
      </TextLine>
      <TextLine id="b72d5ead-aef6-4b49-a736-4a0d0e1c567c" index="17" custom="{&quot;heights&quot;: [33.1, 13.8]}">
        <Coords points="1949,915 1842,915 1743,915 1644,915 1541,918 1443,918 1344,918 1241,921 1143,921 1037,924 1038,971 1143,968 1242,968 1344,965 1443,965 1542,965 1644,962 1743,962 1842,962 1949,962 1949,915"/>
        <Baseline points="1038,957 1143,954 1242,954 1344,951 1443,951 1542,951 1644,948 1743,948 1842,948 1949,948"/>
        <TextEquiv conf="1.000">
          <Unicode>zeitung“ bringen einen Lebensabriß Sr. k. und k.</Unicode>
        </TextEquiv>
      </TextLine>
      <TextLine id="0b63a79d-87c1-47db-8a45-815a563b01bb" index="18" custom="{&quot;heights&quot;: [32.9, 13.8]}">
        <Coords points="1949,957 1841,960 1743,960 1640,963 1542,963 1440,963 1340,966 1239,966 1140,966 1034,969 1035,1016 1140,1013 1239,1013 1341,1013 1440,1010 1542,1010 1641,1010 1743,1007 1842,1007 1949,1004 1949,957"/>
        <Baseline points="1035,1002 1140,999 1239,999 1341,999 1440,996 1542,996 1641,996 1743,993 1842,993 1949,990"/>
        <TextEquiv conf="1.000">
          <Unicode>Hoheit des Herrn Erzherzogs Franz Ferdinand</Unicode>
        </TextEquiv>
      </TextLine>
      <TextLine id="fd467eab-e3de-436b-aaca-5c2d1c3472ef" index="19" custom="{&quot;heights&quot;: [32.4, 13.7]}">
        <Coords points="1949,1006 1842,1006 1743,1006 1643,1009 1542,1009 1443,1009 1343,1012 1242,1012 1143,1012 1037,1015 1038,1061 1143,1058 1242,1058 1344,1058 1443,1055 1542,1055 1644,1055 1743,1052 1842,1052 1949,1052 1949,1006"/>
        <Baseline points="1038,1047 1143,1044 1242,1044 1344,1044 1443,1041 1542,1041 1644,1041 1743,1038 1842,1038 1949,1038"/>
        <TextEquiv conf="1.000">
          <Unicode>und sprechen ihren Abscheu über das Attentat aus.</Unicode>
        </TextEquiv>
      </TextLine>
      <TextLine id="3ace12b5-5cd9-4ac6-a3bd-13332a5a5843" index="20" custom="{&quot;heights&quot;: [32.5, 13.6]}">
        <Coords points="1949,1051 1845,1051 1749,1051 1652,1054 1557,1054 1458,1054 1361,1057 1266,1057 1170,1057 1068,1057 1068,1103 1170,1103 1266,1103 1362,1103 1458,1100 1557,1100 1653,1100 1749,1097 1845,1097 1949,1097 1949,1051"/>
        <Baseline points="1068,1089 1170,1089 1266,1089 1362,1089 1458,1086 1557,1086 1653,1086 1749,1083 1845,1083 1949,1083"/>
        <TextEquiv conf="1.000">
          <Unicode>Die „Kölnische Zeitung“ sagt: Überall in</Unicode>
        </TextEquiv>
      </TextLine>
      <TextLine id="738376ea-fc13-4027-b93f-d7379dfacc2d" index="21" custom="{&quot;heights&quot;: [33.0, 13.6]}">
        <Coords points="1035,1151 1140,1151 1239,1148 1341,1148 1440,1148 1542,1145 1641,1145 1743,1145 1842,1142 1948,1142 1949,1095 1842,1095 1742,1098 1641,1098 1542,1098 1439,1101 1341,1101 1239,1101 1139,1104 1035,1104 1035,1151"/>
        <Baseline points="1035,1137 1140,1137 1239,1134 1341,1134 1440,1134 1542,1131 1641,1131 1743,1131 1842,1128 1948,1128"/>
        <TextEquiv conf="1.000">
          <Unicode>der ganzen Welt, besonders aber im verbündeten</Unicode>
        </TextEquiv>
      </TextLine>
      <TextLine id="76a13b1a-727d-488c-88fb-ada7e15bdd52" index="22" custom="{&quot;heights&quot;: [33.0, 13.5]}">
        <Coords points="1035,1196 1140,1195 1239,1193 1341,1193 1440,1193 1542,1192 1641,1190 1743,1190 1842,1189 1948,1187 1948,1140 1841,1143 1743,1143 1641,1143 1541,1146 1440,1146 1341,1146 1239,1146 1139,1149 1035,1149 1035,1196"/>
        <Baseline points="1035,1182 1140,1182 1239,1179 1341,1179 1440,1179 1542,1179 1641,1176 1743,1176 1842,1176 1948,1173"/>
        <TextEquiv conf="1.000">
          <Unicode>Deutschland, empfindet man mit höchstem Beileid</Unicode>
        </TextEquiv>
      </TextLine>
      <TextLine id="e50343fe-9bde-4460-958a-4223a5c66dfa" index="23" custom="{&quot;heights&quot;: [33.1, 13.7]}">
        <Coords points="1036,1241 1140,1241 1239,1238 1341,1238 1440,1238 1542,1238 1641,1238 1743,1235 1842,1235 1948,1235 1948,1188 1842,1188 1743,1188 1640,1191 1542,1191 1440,1191 1341,1191 1239,1191 1139,1194 1035,1194 1036,1241"/>
        <Baseline points="1036,1227 1140,1227 1239,1224 1341,1224 1440,1224 1542,1224 1641,1224 1743,1221 1842,1221 1948,1221"/>
        <TextEquiv conf="1.000">
          <Unicode>den verhängnisvollen Schlag, der Se. Majestät Kaiser</Unicode>
        </TextEquiv>
      </TextLine>
      <TextLine id="1ab9cd69-2e7b-44e6-97d6-ecbf8f4d17f3" index="24" custom="{&quot;heights&quot;: [32.9, 13.6]}">
        <Coords points="1948,1233 1842,1233 1743,1233 1643,1236 1542,1236 1443,1236 1343,1239 1242,1239 1143,1239 1037,1242 1038,1289 1143,1286 1242,1286 1344,1286 1443,1283 1542,1283 1644,1283 1743,1280 1842,1280 1948,1280 1948,1233"/>
        <Baseline points="1038,1275 1143,1272 1242,1272 1344,1272 1443,1269 1542,1269 1644,1269 1743,1266 1842,1266 1948,1266"/>
        <TextEquiv conf="1.000">
          <Unicode>Franz Joseph und Seine Monarchie traf. In</Unicode>
        </TextEquiv>
      </TextLine>
      <TextLine id="1b4bc7a8-2f1e-49ff-ab5a-a92263ea7d99" index="25" custom="{&quot;heights&quot;: [33.0, 13.6]}">
        <Coords points="1038,1334 1143,1331 1242,1331 1341,1331 1440,1331 1542,1331 1641,1331 1740,1328 1839,1328 1947,1325 1946,1278 1838,1281 1740,1281 1640,1284 1542,1284 1440,1284 1341,1284 1242,1284 1143,1284 1037,1287 1038,1334"/>
        <Baseline points="1038,1320 1143,1317 1242,1317 1341,1317 1440,1317 1542,1317 1641,1317 1740,1314 1839,1314 1947,1311"/>
        <TextEquiv conf="1.000">
          <Unicode>tiefer Trauer nimmt das deutsche Volk teil am Ge-</Unicode>
        </TextEquiv>
      </TextLine>
      <TextLine id="37650efa-a57e-47a8-a5d8-a2f0120d7137" index="26" custom="{&quot;heights&quot;: [33.4, 13.9]}">
        <Coords points="1948,1323 1841,1326 1743,1326 1644,1326 1541,1329 1443,1329 1344,1329 1242,1329 1142,1332 1038,1332 1038,1379 1143,1379 1242,1376 1344,1376 1443,1376 1542,1376 1644,1373 1743,1373 1842,1373 1948,1370 1948,1323"/>
        <Baseline points="1038,1365 1143,1365 1242,1362 1344,1362 1443,1362 1542,1362 1644,1359 1743,1359 1842,1359 1948,1356"/>
        <TextEquiv conf="1.000">
          <Unicode>schicke des Bundesgenossen an der Donau, niemand</Unicode>
        </TextEquiv>
      </TextLine>
      <TextLine id="b37e51a8-f94c-48c7-b7a0-779c058f28cc" index="27" custom="{&quot;heights&quot;: [33.7, 13.8]}">
        <Coords points="1948,1367 1841,1370 1743,1370 1643,1373 1542,1373 1443,1373 1344,1373 1242,1373 1142,1376 1038,1376 1038,1424 1143,1424 1242,1421 1344,1421 1443,1421 1542,1421 1644,1421 1743,1418 1842,1418 1948,1415 1948,1367"/>
        <Baseline points="1038,1410 1143,1410 1242,1407 1344,1407 1443,1407 1542,1407 1644,1407 1743,1404 1842,1404 1948,1401"/>
        <TextEquiv conf="1.000">
          <Unicode>mehr als Kaiser Wilhelm, den so herzliche Be-</Unicode>
        </TextEquiv>
      </TextLine>
      <TextLine id="8fb3fc0a-5f0c-4db3-b791-dca69ddc8838" index="28" custom="{&quot;heights&quot;: [33.1, 13.8]}">
        <Coords points="1948,1416 1842,1416 1743,1416 1643,1419 1542,1419 1443,1419 1343,1422 1242,1422 1143,1422 1038,1422 1038,1469 1143,1469 1242,1469 1344,1469 1443,1466 1542,1466 1644,1466 1743,1463 1842,1463 1948,1463 1948,1416"/>
        <Baseline points="1038,1455 1143,1455 1242,1455 1344,1455 1443,1452 1542,1452 1644,1452 1743,1449 1842,1449 1948,1449"/>
        <TextEquiv conf="1.000">
          <Unicode>ziehungen mit dem Habsburgischen Herrscherhause ver-</Unicode>
        </TextEquiv>
      </TextLine>
      <TextLine id="c367347e-d603-406b-863e-b8bb97368d59" index="29" custom="{&quot;heights&quot;: [32.4, 13.9]}">
        <Coords points="1038,1517 1083,1517 1123,1517 1168,1514 1165,1468 1120,1471 1083,1471 1038,1471 1038,1517"/>
        <Baseline points="1038,1503 1083,1503 1122,1503 1167,1500"/>
        <TextEquiv conf="1.000">
          <Unicode>binden.</Unicode>
        </TextEquiv>
      </TextLine>
      <TextLine id="05199f94-4fc4-4509-814e-cf7a4d3996e9" index="30" custom="{&quot;heights&quot;: [33.3, 13.8]}">
        <Coords points="1948,1506 1844,1509 1749,1509 1653,1509 1557,1509 1457,1512 1362,1512 1266,1512 1170,1512 1067,1515 1068,1562 1170,1559 1266,1559 1362,1559 1458,1559 1557,1556 1653,1556 1749,1556 1845,1556 1948,1553 1948,1506"/>
        <Baseline points="1068,1548 1170,1545 1266,1545 1362,1545 1458,1545 1557,1542 1653,1542 1749,1542 1845,1542 1948,1539"/>
        <TextEquiv conf="1.000">
          <Unicode>Die „Kölnische Volkszeitung“ hebt her-</Unicode>
        </TextEquiv>
      </TextLine>
      <TextLine id="7e297015-4cb9-4de3-9b41-b349e8bb0bb2" index="31" custom="{&quot;heights&quot;: [33.2, 13.9]}">
        <Coords points="1037,1572 1038,1607 1143,1604 1242,1604 1344,1604 1443,1604 1542,1604 1644,1601 1743,1601 1842,1601 1948,1598 1948,1551 1841,1554 1743,1554 1644,1554 1541,1557 1443,1557 1344,1557 1242,1557 1143,1557 1037,1560 1037,1572"/>
        <Baseline points="1038,1593 1143,1590 1242,1590 1344,1590 1443,1590 1542,1590 1644,1587 1743,1587 1842,1587 1948,1584"/>
        <TextEquiv conf="1.000">
          <Unicode>vor, daß Herr Erzherzog Franz Ferdinand</Unicode>
        </TextEquiv>
      </TextLine>
      <TextLine id="6ddb7e38-ba1c-4142-9adb-73052cbbecab" index="32" custom="{&quot;heights&quot;: [33.0, 13.6]}">
        <Coords points="1948,1596 1841,1599 1743,1599 1643,1602 1542,1602 1443,1602 1344,1602 1242,1602 1142,1605 1038,1605 1038,1652 1143,1652 1242,1649 1344,1649 1443,1649 1542,1649 1644,1649 1743,1646 1842,1646 1948,1643 1948,1596"/>
        <Baseline points="1038,1638 1143,1638 1242,1635 1344,1635 1443,1635 1542,1635 1644,1635 1743,1632 1842,1632 1948,1629"/>
        <TextEquiv conf="1.000">
          <Unicode>jederzeit ein Freund des Dreibundes und ein persön-</Unicode>
        </TextEquiv>
      </TextLine>
      <TextLine id="914de76d-d9a5-4529-809c-2e760f9fb39c" index="33" custom="{&quot;heights&quot;: [33.1, 13.7]}">
        <Coords points="1038,1697 1143,1697 1242,1694 1344,1694 1443,1694 1542,1694 1644,1694 1743,1694 1842,1691 1948,1691 1948,1644 1842,1644 1742,1647 1644,1647 1542,1647 1443,1647 1344,1647 1242,1647 1142,1650 1038,1650 1038,1688 1038,1697"/>
        <Baseline points="1038,1683 1143,1683 1242,1680 1344,1680 1443,1680 1542,1680 1644,1680 1743,1680 1842,1677 1948,1677"/>
        <TextEquiv conf="1.000">
          <Unicode>licher Freund des Kaisers Wilhelm war. Nicht nur</Unicode>
        </TextEquiv>
      </TextLine>
      <TextLine id="51b2bd61-1947-496f-a1c8-7353c7bc908a" index="34" custom="{&quot;heights&quot;: [33.1, 13.6]}">
        <Coords points="1038,1740 1038,1745 1143,1742 1242,1742 1344,1742 1443,1742 1542,1742 1644,1739 1743,1739 1842,1739 1948,1739 1948,1692 1842,1692 1743,1692 1644,1692 1541,1695 1443,1695 1344,1695 1242,1695 1143,1695 1038,1698 1038,1740"/>
        <Baseline points="1038,1731 1143,1728 1242,1728 1344,1728 1443,1728 1542,1728 1644,1725 1743,1725 1842,1725 1948,1725"/>
        <TextEquiv conf="1.000">
          <Unicode>für Österreich-Ungarn, sondern auch für das Deutsche</Unicode>
        </TextEquiv>
      </TextLine>
      <TextLine id="ce058c39-e323-43eb-b300-cba222dc51e5" index="35" custom="{&quot;heights&quot;: [32.8, 13.5]}">
        <Coords points="1039,1790 1143,1790 1242,1787 1341,1787 1440,1787 1542,1787 1641,1787 1740,1787 1839,1784 1947,1784 1947,1737 1839,1737 1739,1740 1641,1740 1542,1740 1440,1740 1341,1740 1242,1740 1142,1743 1038,1743 1039,1790"/>
        <Baseline points="1038,1776 1143,1776 1242,1773 1341,1773 1440,1773 1542,1773 1641,1773 1740,1773 1839,1770 1947,1770"/>
        <TextEquiv conf="1.000">
          <Unicode>Reich und den ganzen Dreibund ist der Tod des</Unicode>
        </TextEquiv>
      </TextLine>
      <TextLine id="04ee3d6d-52c2-468f-a686-64f6c3f3d1f6" index="36" custom="{&quot;heights&quot;: [32.6, 13.7]}">
        <Coords points="1039,1835 1143,1835 1242,1835 1341,1835 1440,1835 1542,1832 1641,1832 1740,1832 1839,1832 1947,1829 1946,1782 1838,1785 1740,1785 1641,1785 1542,1785 1439,1788 1341,1788 1242,1788 1143,1788 1039,1788 1039,1835"/>
        <Baseline points="1039,1821 1143,1821 1242,1821 1341,1821 1440,1821 1542,1818 1641,1818 1740,1818 1839,1818 1947,1815"/>
        <TextEquiv conf="1.000">
          <Unicode>Thronfolgers ein nach menschlichem Ermessen unersetz-</Unicode>
        </TextEquiv>
      </TextLine>
      <TextLine id="35d84ce7-da95-4699-800c-59fb505a0bba" index="37" custom="{&quot;heights&quot;: [33.0, 13.7]}">
        <Coords points="1039,1883 1080,1880 1116,1880 1155,1880 1191,1880 1227,1880 1272,1880 1272,1833 1227,1833 1191,1833 1155,1833 1116,1833 1080,1833 1039,1836 1039,1883"/>
        <Baseline points="1039,1869 1080,1866 1116,1866 1155,1866 1191,1866 1227,1866 1272,1866"/>
        <TextEquiv conf="1.000">
          <Unicode>licher Verlust.</Unicode>
        </TextEquiv>
      </TextLine>
      <TextLine id="ac46daa1-0e78-42c9-98b6-03c0a6f6eee1" index="38" custom="{&quot;heights&quot;: [33.7, 13.6]}">
        <Coords points="1078,1928 1116,1925 1152,1925 1188,1925 1224,1925 1260,1925 1296,1925 1332,1925 1368,1925 1410,1925 1410,1877 1368,1877 1332,1877 1296,1877 1260,1877 1224,1877 1188,1877 1152,1877 1116,1877 1074,1880 1078,1928"/>
        <Baseline points="1077,1914 1116,1911 1152,1911 1188,1911 1224,1911 1260,1911 1296,1911 1332,1911 1368,1911 1410,1911"/>
        <TextEquiv conf="1.000">
          <Unicode>Paris, 29. Juni.</Unicode>
        </TextEquiv>
      </TextLine>
      <TextLine id="9ca02b83-68f5-40d2-bc37-4524daea66d9" index="39" custom="{&quot;heights&quot;: [33.9, 13.7]}">
        <Coords points="1947,1916 1847,1919 1752,1919 1655,1922 1560,1922 1464,1922 1368,1922 1272,1922 1176,1922 1073,1925 1074,1973 1176,1970 1272,1970 1368,1970 1464,1970 1560,1970 1656,1970 1752,1967 1848,1967 1947,1964 1947,1916"/>
        <Baseline points="1074,1959 1176,1956 1272,1956 1368,1956 1464,1956 1560,1956 1656,1956 1752,1953 1848,1953 1947,1950"/>
        <TextEquiv conf="1.000">
          <Unicode>In der Presse gelangt neben dem Gefühle des Ent-</Unicode>
        </TextEquiv>
      </TextLine>
      <TextLine id="cbade3b1-ccb5-4f20-a8b5-dca4e1eae11b" index="40" custom="{&quot;heights&quot;: [33.0, 13.6]}">
        <Coords points="1947,1965 1842,1965 1743,1965 1643,1968 1542,1968 1443,1968 1344,1968 1242,1968 1142,1971 1038,1971 1038,2018 1143,2018 1242,2015 1344,2015 1443,2015 1542,2015 1644,2015 1743,2012 1842,2012 1947,2012 1947,1965"/>
        <Baseline points="1038,2004 1143,2004 1242,2001 1344,2001 1443,2001 1542,2001 1644,2001 1743,1998 1842,1998 1947,1998"/>
        <TextEquiv conf="1.000">
          <Unicode>setzens über das furchtbare Verbrechen in Sarajevo</Unicode>
        </TextEquiv>
      </TextLine>
      <TextLine id="943fe2e0-9a58-4254-ab98-a6ce02a9fd7e" index="41" custom="{&quot;heights&quot;: [33.0, 13.6]}">
        <Coords points="1947,2010 1842,2010 1743,2010 1643,2013 1542,2013 1443,2013 1344,2013 1241,2016 1143,2016 1038,2016 1038,2063 1143,2063 1242,2063 1344,2060 1443,2060 1542,2060 1644,2060 1743,2057 1842,2057 1947,2057 1947,2010"/>
        <Baseline points="1038,2049 1143,2049 1242,2049 1344,2046 1443,2046 1542,2046 1644,2046 1743,2043 1842,2043 1947,2043"/>
        <TextEquiv conf="1.000">
          <Unicode>insbesondere das tiefste Mitgefühl für Se. Majestät</Unicode>
        </TextEquiv>
      </TextLine>
      <TextLine id="e6f92c39-ec71-4d36-8922-1b5afbe8333c" index="42" custom="{&quot;heights&quot;: [32.8, 13.6]}">
        <Coords points="1038,2108 1131,2108 1221,2108 1311,2105 1401,2105 1488,2105 1578,2105 1668,2105 1758,2102 1854,2102 1854,2055 1758,2055 1667,2058 1578,2058 1488,2058 1401,2058 1311,2058 1220,2061 1131,2061 1038,2061 1038,2108"/>
        <Baseline points="1038,2094 1131,2094 1221,2094 1311,2091 1401,2091 1488,2091 1578,2091 1668,2091 1758,2088 1854,2088"/>
        <TextEquiv conf="1.000">
          <Unicode>den Kaiser Franz Joseph zum Ausdrucke.</Unicode>
        </TextEquiv>
      </TextLine>
      <TextLine id="e78c345e-2a14-49d5-9950-c88f71e8d872" index="43" custom="{&quot;heights&quot;: [32.7, 13.5]}">
        <Coords points="1074,2156 1173,2153 1269,2152 1365,2150 1461,2150 1557,2150 1653,2150 1749,2150 1845,2150 1947,2150 1947,2103 1845,2103 1749,2103 1653,2103 1557,2103 1461,2103 1365,2103 1268,2106 1173,2106 1073,2109 1074,2156"/>
        <Baseline points="1074,2142 1173,2139 1269,2139 1365,2136 1461,2136 1557,2136 1653,2136 1749,2136 1845,2136 1947,2136"/>
        <TextEquiv conf="1.000">
          <Unicode>„Figaro“ schreibt: In dem schrecklichen Unglücke,</Unicode>
        </TextEquiv>
      </TextLine>
      <TextLine id="7eeb3f3f-e1f8-4ec8-b386-400c75410db9" index="44" custom="{&quot;heights&quot;: [32.3, 13.5]}">
        <Coords points="1949,2149 1845,2149 1746,2149 1644,2149 1544,2152 1443,2152 1344,2152 1242,2152 1143,2152 1037,2155 1038,2200 1143,2197 1242,2197 1344,2197 1443,2197 1545,2197 1644,2194 1746,2194 1845,2194 1950,2194 1949,2149"/>
        <Baseline points="1038,2187 1143,2184 1242,2184 1344,2184 1443,2184 1545,2184 1644,2181 1746,2181 1845,2181 1950,2181"/>
        <TextEquiv conf="1.000">
          <Unicode>das das österreichische Herrscherhaus getroffen, wenden</Unicode>
        </TextEquiv>
      </TextLine>
      <TextLine id="e5b32799-726e-48ac-807c-aed6580d6cea" index="45" custom="{&quot;heights&quot;: [32.4, 13.4]}">
        <Coords points="1038,2245 1143,2242 1242,2242 1344,2242 1443,2242 1542,2242 1644,2239 1743,2239 1842,2239 1950,2239 1950,2194 1842,2194 1743,2194 1644,2194 1541,2197 1443,2197 1344,2197 1242,2197 1143,2197 1037,2200 1038,2245"/>
        <Baseline points="1038,2232 1143,2229 1242,2229 1344,2229 1443,2229 1542,2229 1644,2226 1743,2226 1842,2226 1950,2226"/>
        <TextEquiv conf="1.000">
          <Unicode>sich die Beweise der Trauer und Teilnahme zunächst</Unicode>
        </TextEquiv>
      </TextLine>
      <TextLine id="5bd48b3b-b828-458d-a286-c540fb2f8a6f" index="46" custom="{&quot;heights&quot;: [32.5, 13.4]}">
        <Coords points="1953,2284 1951,2239 1845,2239 1743,2239 1644,2239 1541,2242 1443,2242 1341,2242 1242,2242 1139,2245 1035,2245 1035,2290 1140,2290 1242,2287 1341,2287 1443,2287 1542,2287 1644,2284 1743,2284 1845,2284 1953,2284 1953,2284"/>
        <Baseline points="1035,2277 1140,2277 1242,2274 1341,2274 1443,2274 1542,2274 1644,2271 1743,2271 1845,2271 1953,2271"/>
        <TextEquiv conf="1.000">
          <Unicode>dem verehrungswürdigen Oberhaupte zu. Es gibt</Unicode>
        </TextEquiv>
      </TextLine>
      <TextLine id="9ba0db9d-21cd-4919-8ee6-3589f58e36c6" index="47" custom="{&quot;heights&quot;: [33.0, 13.4]}">
        <Coords points="1038,2335 1143,2335 1242,2335 1344,2332 1443,2332 1542,2332 1644,2332 1743,2332 1842,2332 1950,2329 1949,2283 1841,2286 1743,2286 1644,2286 1542,2286 1443,2286 1344,2286 1241,2289 1143,2289 1038,2289 1038,2335"/>
        <Baseline points="1038,2322 1143,2322 1242,2322 1344,2319 1443,2319 1542,2319 1644,2319 1743,2319 1842,2319 1950,2316"/>
        <TextEquiv conf="1.000">
          <Unicode>keinen Franzosen, welcher von dem grausamen Schick-</Unicode>
        </TextEquiv>
      </TextLine>
      <TextLine id="48d3ebe0-e10c-40db-85fd-00429d1112b9" index="48" custom="{&quot;heights&quot;: [32.9, 13.4]}">
        <Coords points="1035,2383 1140,2380 1239,2380 1341,2380 1440,2380 1539,2377 1641,2377 1740,2377 1839,2377 1947,2377 1947,2331 1839,2331 1740,2331 1641,2331 1539,2331 1439,2334 1341,2334 1239,2334 1140,2334 1034,2337 1035,2383"/>
        <Baseline points="1035,2370 1140,2367 1239,2367 1341,2367 1440,2367 1539,2364 1641,2364 1740,2364 1839,2364 1947,2364"/>
        <TextEquiv conf="1.000">
          <Unicode>salsschlage, der dem greisen Herrscher widerfahren,</Unicode>
        </TextEquiv>
      </TextLine>
      <TextLine id="605410a9-a556-49aa-9efb-6b3e47ca5338" index="49" custom="{&quot;heights&quot;: [33.0, 13.4]}">
        <Coords points="1035,2425 1140,2425 1239,2425 1341,2425 1440,2425 1542,2422 1641,2422 1743,2422 1842,2422 1950,2419 1949,2373 1841,2376 1743,2376 1641,2376 1542,2376 1439,2379 1341,2379 1239,2379 1140,2379 1035,2379 1035,2425"/>
        <Baseline points="1035,2412 1140,2412 1239,2412 1341,2412 1440,2412 1542,2409 1641,2409 1743,2409 1842,2409 1950,2406"/>
        <TextEquiv conf="1.000">
          <Unicode>nicht aufs tiefste erschüttert wäre. Es gibt niemand</Unicode>
        </TextEquiv>
      </TextLine>
      <TextLine id="5de4f03d-06fb-4897-b2ba-ed649997fc9d" index="50" custom="{&quot;heights&quot;: [33.3, 13.5]}">
        <Coords points="1035,2473 1140,2473 1239,2470 1341,2470 1440,2470 1542,2470 1641,2470 1743,2467 1842,2467 1950,2467 1950,2421 1842,2421 1743,2421 1640,2424 1542,2424 1440,2424 1341,2424 1239,2424 1139,2427 1035,2427 1035,2473"/>
        <Baseline points="1035,2460 1140,2460 1239,2457 1341,2457 1440,2457 1542,2457 1641,2457 1743,2454 1842,2454 1950,2454"/>
        <TextEquiv conf="1.000">
          <Unicode>unter uns, der sich diesem ungeheuren Schmerze nicht</Unicode>
        </TextEquiv>
      </TextLine>
      <TextLine id="f972df22-f904-4f2f-ad4d-b6528a03415e" index="51" custom="{&quot;heights&quot;: [32.7, 13.3]}">
        <Coords points="1033,2521 1071,2518 1104,2518 1140,2518 1173,2518 1209,2518 1243,2518 1278,2515 1311,2515 1353,2515 1353,2469 1311,2469 1278,2469 1239,2472 1209,2472 1173,2472 1140,2472 1104,2472 1071,2472 1029,2475 1033,2521"/>
        <Baseline points="1032,2508 1071,2505 1104,2505 1140,2505 1173,2505 1209,2505 1242,2505 1278,2502 1311,2502 1353,2502"/>
        <TextEquiv conf="1.000">
          <Unicode>anschließen würde.</Unicode>
        </TextEquiv>
      </TextLine>
      <TextLine id="134f917a-3055-4132-b3e9-04993231e104" index="52" custom="{&quot;heights&quot;: [34.0, 13.6]}">
        <Coords points="1949,2510 1845,2510 1748,2513 1653,2513 1557,2513 1458,2513 1362,2513 1265,2516 1170,2516 1067,2519 1068,2567 1170,2564 1266,2564 1362,2561 1458,2561 1557,2561 1653,2561 1749,2561 1845,2558 1949,2558 1949,2510"/>
        <Baseline points="1068,2553 1170,2550 1266,2550 1362,2547 1458,2547 1557,2547 1653,2547 1749,2547 1845,2544 1949,2544"/>
        <TextEquiv conf="1.000">
          <Unicode>„Soleil“ schreibt. Der Tod des Erzherzogs</Unicode>
        </TextEquiv>
      </TextLine>
      <TextLine id="77089086-ffcf-4c13-a5c7-adc5a652ef77" index="53" custom="{&quot;heights&quot;: [33.3, 13.5]}">
        <Coords points="1036,2615 1140,2609 1239,2609 1341,2609 1440,2606 1539,2606 1641,2606 1740,2606 1839,2606 1947,2606 1947,2559 1839,2559 1740,2559 1641,2559 1539,2559 1440,2559 1340,2562 1239,2562 1140,2562 1033,2568 1036,2615"/>
        <Baseline points="1035,2601 1140,2595 1239,2595 1341,2595 1440,2592 1539,2592 1641,2592 1740,2592 1839,2592 1947,2592"/>
        <TextEquiv conf="1.000">
          <Unicode>Franz Ferdinand ist ein großer Verlust für</Unicode>
        </TextEquiv>
      </TextLine>
      <TextLine id="a15defcc-565e-4152-9c4f-7df617da80bb" index="54" custom="{&quot;heights&quot;: [33.1, 13.3]}">
        <Coords points="1948,2607 1840,2604 1740,2604 1641,2604 1538,2607 1440,2607 1341,2607 1239,2607 1140,2607 1034,2610 1035,2656 1140,2653 1239,2653 1341,2653 1440,2653 1539,2653 1641,2650 1740,2650 1839,2650 1947,2653 1948,2622 1948,2607"/>
        <Baseline points="1035,2643 1140,2640 1239,2640 1341,2640 1440,2640 1539,2640 1641,2637 1740,2637 1839,2637 1947,2640"/>
        <TextEquiv conf="1.000">
          <Unicode>Österreich-Ungarn. Möge das Verschwinden dieses</Unicode>
        </TextEquiv>
      </TextLine>
      <TextLine id="e95196b3-67d1-4456-8ece-5a25470ad088" index="55" custom="{&quot;heights&quot;: [32.8, 13.2]}">
        <Coords points="1035,2701 1140,2701 1239,2701 1341,2698 1440,2698 1539,2698 1641,2698 1740,2698 1839,2698 1947,2695 1946,2649 1838,2652 1740,2652 1641,2652 1539,2652 1440,2652 1341,2652 1238,2655 1140,2655 1035,2655 1035,2701"/>
        <Baseline points="1035,2688 1140,2688 1239,2688 1341,2685 1440,2685 1539,2685 1641,2685 1740,2685 1839,2685 1947,2682"/>
        <TextEquiv conf="1.000">
          <Unicode>Prinzen, der durch seine Weisheit und Loyalität eine</Unicode>
        </TextEquiv>
      </TextLine>
      <TextLine id="003932fe-47da-4e8f-a5dd-38301ae7cc07" index="56" custom="{&quot;heights&quot;: [32.7, 13.1]}">
        <Coords points="1947,2694 1841,2697 1743,2697 1641,2697 1541,2700 1440,2700 1341,2700 1239,2700 1140,2700 1035,2700 1035,2746 1140,2746 1239,2746 1341,2746 1440,2746 1542,2746 1641,2743 1743,2743 1842,2743 1948,2740 1947,2694"/>
        <Baseline points="1035,2733 1140,2733 1239,2733 1341,2733 1440,2733 1542,2733 1641,2730 1743,2730 1842,2730 1948,2727"/>
        <TextEquiv conf="1.000">
          <Unicode>Bürgschaft für die soziale Ordnung und den euro-</Unicode>
        </TextEquiv>
      </TextLine>
      <TextLine id="58cd047a-8409-4934-9498-5d2adbeba4ee" index="57" custom="{&quot;heights&quot;: [32.9, 13.2]}">
        <Coords points="1948,2742 1841,2745 1744,2742 1640,2745 1542,2745 1440,2745 1341,2745 1239,2745 1140,2745 1034,2748 1035,2794 1140,2791 1239,2791 1341,2791 1440,2791 1542,2791 1641,2791 1743,2788 1842,2791 1948,2788 1948,2742"/>
        <Baseline points="1035,2781 1140,2778 1239,2778 1341,2778 1440,2778 1542,2778 1641,2778 1743,2775 1842,2778 1948,2775"/>
        <TextEquiv conf="1.000">
          <Unicode>päischen Frieden hätte werden können, für Europa</Unicode>
        </TextEquiv>
      </TextLine>
      <TextLine id="993734b1-431c-499d-88bd-ee88e31ec507" index="58" custom="{&quot;heights&quot;: [33.1, 13.3]}">
        <Coords points="1035,2839 1116,2839 1191,2839 1267,2839 1341,2836 1416,2836 1491,2836 1566,2836 1641,2836 1725,2833 1724,2787 1640,2790 1566,2790 1491,2790 1416,2790 1341,2790 1265,2793 1191,2793 1116,2793 1035,2793 1035,2839"/>
        <Baseline points="1035,2826 1116,2826 1191,2826 1266,2826 1341,2823 1416,2823 1491,2823 1566,2823 1641,2823 1725,2820"/>
        <TextEquiv conf="1.000">
          <Unicode>keine allzu schmerzlichen Folgen haben.</Unicode>
        </TextEquiv>
      </TextLine>
      <TextLine id="ab199180-84dd-4e1a-adbc-00e00e055c41" index="59" custom="{&quot;heights&quot;: [33.3, 13.5]}">
        <Coords points="1949,2835 1848,2835 1752,2835 1656,2835 1560,2835 1464,2835 1367,2838 1272,2838 1176,2838 1074,2838 1074,2884 1176,2884 1272,2884 1368,2884 1464,2881 1560,2881 1656,2881 1752,2881 1848,2881 1950,2881 1949,2835"/>
        <Baseline points="1074,2871 1176,2871 1272,2871 1368,2871 1464,2868 1560,2868 1656,2868 1752,2868 1848,2868 1949,2868"/>
        <TextEquiv conf="0.999">
          <Unicode>„Matin sagt: Die Franzosen wünschen die</Unicode>
        </TextEquiv>
      </TextLine>
      <TextLine id="e63f7fee-471d-4f3c-b383-28cf54b64052" index="60" custom="{&quot;heights&quot;: [33.3, 13.5]}">
        <Coords points="1950,2883 1843,2880 1743,2880 1641,2880 1541,2883 1440,2883 1341,2883 1239,2883 1140,2883 1035,2883 1035,2930 1140,2930 1239,2930 1341,2930 1440,2930 1542,2929 1641,2927 1743,2927 1842,2926 1950,2929 1950,2918 1950,2883"/>
        <Baseline points="1035,2916 1140,2916 1239,2916 1341,2916 1440,2916 1542,2916 1641,2913 1743,2913 1842,2913 1950,2916"/>
        <TextEquiv conf="1.000">
          <Unicode>Größe Österreich-Ungarns, weil diese eine Bedingung</Unicode>
        </TextEquiv>
      </TextLine>
      <TextLine id="ca782f2e-95fb-4c91-bab0-e198010ce29b" index="61" custom="{&quot;heights&quot;: [33.1, 13.6]}">
        <Coords points="1035,2978 1140,2975 1239,2975 1341,2975 1440,2975 1542,2975 1641,2975 1743,2972 1842,2972 1950,2972 1950,2925 1842,2925 1743,2925 1640,2928 1542,2928 1440,2928 1341,2928 1239,2928 1140,2928 1034,2931 1035,2978"/>
        <Baseline points="1035,2964 1140,2961 1239,2961 1341,2961 1440,2961 1542,2961 1641,2961 1743,2958 1842,2958 1950,2958"/>
        <TextEquiv conf="1.000">
          <Unicode>des europäischen Gleichgewichtes ist, und werden sich</Unicode>
        </TextEquiv>
      </TextLine>
      <TextLine id="cb40e966-79b3-41b8-9098-25a585f0cc91" index="62" custom="{&quot;heights&quot;: [33.6, 13.7]}">
        <Coords points="1035,3023 1140,3023 1239,3023 1341,3023 1440,3020 1542,3020 1641,3020 1743,3017 1842,3017 1950,3017 1950,2969 1842,2969 1743,2969 1640,2972 1542,2972 1440,2972 1340,2975 1239,2975 1140,2975 1035,2975 1035,3023"/>
        <Baseline points="1035,3009 1140,3009 1239,3009 1341,3009 1440,3006 1542,3006 1641,3006 1743,3003 1842,3003 1950,3003"/>
        <TextEquiv conf="1.000">
          <Unicode>freuen, Zeugen des Emporblühens der Doppel-</Unicode>
        </TextEquiv>
      </TextLine>
      <TextLine id="707f52b4-4a9a-49e6-a7f7-5ba7419a2459" index="63" custom="{&quot;heights&quot;: [33.2, 13.3]}">
        <Coords points="1035,3067 1074,3067 1107,3067 1143,3067 1176,3067 1209,3067 1245,3067 1279,3067 1311,3064 1353,3064 1353,3018 1311,3018 1275,3021 1245,3021 1209,3021 1176,3021 1143,3021 1107,3021 1074,3021 1035,3021 1035,3051 1035,3067"/>
        <Baseline points="1035,3054 1074,3054 1107,3054 1143,3054 1176,3054 1209,3054 1245,3054 1278,3054 1311,3051 1353,3051"/>
        <TextEquiv conf="1.000">
          <Unicode>monarchie zu sein.</Unicode>
        </TextEquiv>
      </TextLine>
      <TextLine id="af71fef8-7919-4d31-b38c-17d397398119" index="64" custom="{&quot;heights&quot;: [33.5, 13.4]}">
        <Coords points="1071,3112 1116,3112 1155,3112 1197,3112 1236,3112 1276,3112 1316,3109 1356,3112 1395,3112 1443,3112 1443,3065 1395,3065 1356,3065 1320,3063 1273,3066 1236,3065 1197,3065 1155,3065 1116,3065 1071,3065 1071,3112"/>
        <Baseline points="1071,3099 1116,3099 1155,3099 1197,3099 1236,3099 1275,3099 1317,3096 1356,3099 1395,3099 1443,3099"/>
        <TextEquiv conf="1.000">
          <Unicode>London, 29. Juni.</Unicode>
        </TextEquiv>
      </TextLine>
      <TextLine id="855549f2-04e7-40b8-bb8f-98ae78530383" index="65" custom="{&quot;heights&quot;: [33.5, 13.2]}">
        <Coords points="1952,3108 1848,3108 1752,3108 1655,3111 1557,3111 1461,3111 1365,3111 1266,3111 1170,3111 1068,3111 1068,3157 1170,3157 1266,3157 1365,3157 1461,3157 1557,3157 1656,3157 1752,3154 1848,3154 1953,3154 1952,3108"/>
        <Baseline points="1068,3144 1170,3144 1266,3144 1365,3144 1461,3144 1557,3144 1656,3144 1752,3141 1848,3141 1952,3141"/>
        <TextEquiv conf="1.000">
          <Unicode>Die Morgenblätter bringen ausführliche Artikel</Unicode>
        </TextEquiv>
      </TextLine>
      <TextLine id="bcdaf569-adb2-48f6-94f1-e820ca68b55e" index="66" custom="{&quot;heights&quot;: [32.7, 13.3]}">
        <Coords points="1037,3202 1140,3202 1242,3202 1341,3202 1443,3202 1542,3202 1644,3199 1743,3199 1845,3199 1953,3196 1953,3196 1953,3174 1952,3150 1844,3153 1743,3153 1644,3153 1541,3156 1443,3156 1341,3156 1242,3156 1140,3156 1036,3156 1037,3202"/>
        <Baseline points="1036,3189 1140,3189 1242,3189 1341,3189 1443,3189 1542,3189 1644,3186 1743,3186 1845,3186 1953,3183"/>
        <TextEquiv conf="1.000">
          <Unicode>über das schreckliche Unglück, das die österreichisch-un-</Unicode>
        </TextEquiv>
      </TextLine>
      <TextLine id="ce826181-ff95-4b6d-92f6-437c05827ba3" index="67" custom="{&quot;heights&quot;: [32.7, 13.2]}">
        <Coords points="1037,3250 1140,3247 1242,3247 1341,3247 1443,3247 1542,3247 1644,3244 1743,3244 1845,3244 1952,3244 1953,3198 1845,3198 1743,3198 1644,3198 1541,3201 1443,3201 1341,3201 1242,3201 1140,3201 1037,3204 1037,3250"/>
        <Baseline points="1037,3237 1140,3234 1242,3234 1341,3234 1443,3234 1542,3234 1644,3231 1743,3231 1845,3231 1952,3231"/>
        <TextEquiv conf="1.000">
          <Unicode>garische Monarchie betroffen hat. Sie geben der tiefen</Unicode>
        </TextEquiv>
      </TextLine>
      <TextLine id="31cea78b-0e4b-4a4a-9f0b-486975b2231e" index="68" custom="{&quot;heights&quot;: [32.9, 13.2]}">
        <Coords points="1038,3295 1140,3292 1239,3292 1341,3292 1440,3292 1542,3292 1641,3292 1743,3289 1842,3289 1950,3289 1950,3243 1842,3243 1743,3243 1640,3246 1542,3246 1440,3246 1341,3246 1239,3246 1140,3246 1037,3249 1038,3295"/>
        <Baseline points="1037,3282 1140,3279 1239,3279 1341,3279 1440,3279 1542,3279 1641,3279 1743,3276 1842,3276 1950,3276"/>
        <TextEquiv conf="1.000">
          <Unicode>Trauer und dem Abscheu über das in Sarajevo be-</Unicode>
        </TextEquiv>
      </TextLine>
      <TextLine id="c67a3af5-f283-42cd-92ff-59c922d352b0" index="69" custom="{&quot;heights&quot;: [32.6, 13.2]}">
        <Coords points="1951,3291 1845,3291 1746,3291 1644,3291 1545,3291 1443,3291 1344,3291 1241,3294 1143,3294 1038,3294 1038,3339 1038,3340 1143,3340 1242,3340 1344,3337 1443,3337 1545,3337 1644,3337 1746,3337 1845,3337 1950,3337 1951,3291"/>
        <Baseline points="1038,3327 1143,3327 1242,3327 1344,3324 1443,3324 1545,3324 1644,3324 1746,3324 1845,3324 1950,3324"/>
        <TextEquiv conf="1.000">
          <Unicode>gangene Verbrechen Ausdruck. Sie erinnern an den</Unicode>
        </TextEquiv>
      </TextLine>
      <TextLine id="23695706-b6a1-4dd2-ad5f-513d95a0db11" index="70" custom="{&quot;heights&quot;: [32.6, 13.2]}">
        <Coords points="1950,3351 1949,3333 1841,3336 1743,3336 1644,3336 1542,3336 1443,3336 1343,3339 1242,3339 1143,3339 1038,3339 1038,3385 1143,3385 1242,3385 1344,3385 1443,3382 1542,3382 1644,3382 1743,3382 1842,3382 1949,3379 1950,3351"/>
        <Baseline points="1038,3372 1143,3372 1242,3372 1344,3372 1443,3369 1542,3369 1644,3369 1743,3369 1842,3369 1949,3366"/>
        <TextEquiv conf="1.000">
          <Unicode>überaus sympathischen Eindruck, den die Persönlich-</Unicode>
        </TextEquiv>
      </TextLine>
      <TextLine id="6c2f0b47-23a0-48cd-bf9d-a4a62d344687" index="71" custom="{&quot;heights&quot;: [33.0, 13.2]}">
        <Coords points="1038,3430 1140,3430 1239,3430 1341,3430 1440,3430 1542,3427 1641,3427 1743,3427 1842,3427 1948,3427 1949,3381 1842,3381 1743,3381 1641,3381 1542,3381 1439,3384 1341,3384 1239,3384 1140,3384 1038,3384 1038,3430"/>
        <Baseline points="1038,3417 1140,3417 1239,3417 1341,3417 1440,3417 1542,3414 1641,3414 1743,3414 1842,3414 1948,3414"/>
        <TextEquiv conf="1.000">
          <Unicode>keiten des Erzherzogs und seiner Gemahlin bei ihrem</Unicode>
        </TextEquiv>
      </TextLine>
      <TextLine id="7cfef136-8ad2-4e42-bdc8-bc7a33983831" index="72" custom="{&quot;heights&quot;: [33.5, 13.2]}">
        <Coords points="1038,3478 1140,3478 1239,3475 1341,3475 1440,3475 1539,3475 1641,3475 1740,3472 1839,3472 1947,3472 1947,3469 1947,3426 1839,3426 1740,3426 1640,3429 1539,3429 1440,3429 1341,3429 1239,3429 1139,3432 1038,3432 1038,3478"/>
        <Baseline points="1038,3465 1140,3465 1239,3462 1341,3462 1440,3462 1539,3462 1641,3462 1740,3459 1839,3459 1947,3459"/>
        <TextEquiv conf="1.000">
          <Unicode>jüngsten Besuch in England gemacht haben. Allge-</Unicode>
        </TextEquiv>
      </TextLine>
      <TextLine id="6659d384-37ac-451a-87d9-1494ebb134e3" index="73" custom="{&quot;heights&quot;: [33.9, 13.3]}">
        <Coords points="1037,3523 1140,3523 1239,3523 1338,3520 1437,3520 1536,3520 1635,3520 1734,3520 1833,3517 1941,3517 1941,3470 1833,3470 1733,3473 1635,3473 1536,3473 1437,3473 1338,3473 1238,3476 1140,3476 1038,3476 1037,3523"/>
        <Baseline points="1037,3510 1140,3510 1239,3510 1338,3507 1437,3507 1536,3507 1635,3507 1734,3507 1833,3504 1941,3504"/>
        <TextEquiv conf="1.000">
          <Unicode>mein wird dem Mitgefühle für Se. Majestät den</Unicode>
        </TextEquiv>
      </TextLine>
      <TextLine id="97cf0d1f-a564-428a-a36d-eb78a01d0aa7" index="74" custom="{&quot;heights&quot;: [33.7, 13.2]}">
        <Coords points="1037,3568 1140,3568 1239,3568 1341,3568 1440,3568 1539,3565 1641,3565 1740,3565 1839,3565 1947,3562 1947,3535 1946,3515 1838,3518 1740,3518 1641,3518 1539,3518 1439,3521 1341,3521 1239,3521 1140,3521 1037,3521 1037,3568"/>
        <Baseline points="1037,3555 1140,3555 1239,3555 1341,3555 1440,3555 1539,3552 1641,3552 1740,3552 1839,3552 1947,3549"/>
        <TextEquiv conf="1.000">
          <Unicode>Kaiser und König Franz Joseph, Der bereits</Unicode>
        </TextEquiv>
      </TextLine>
      <TextLine id="faa264f3-9736-4650-b26f-677abbd781f7" index="75" custom="{&quot;heights&quot;: [33.7, 13.3]}">
        <Coords points="1037,3616 1140,3613 1239,3613 1341,3613 1440,3613 1539,3610 1641,3610 1740,3610 1839,3610 1947,3610 1947,3563 1839,3563 1740,3563 1641,3563 1539,3563 1439,3566 1341,3566 1239,3566 1140,3566 1037,3569 1037,3616"/>
        <Baseline points="1037,3603 1140,3600 1239,3600 1341,3600 1440,3600 1539,3597 1641,3597 1740,3597 1839,3597 1947,3597"/>
        <TextEquiv conf="1.000">
          <Unicode>so viele schwere Schicksalsschläge durchzumachen hatte,</Unicode>
        </TextEquiv>
      </TextLine>
      <TextLine id="106cca87-9882-4ab4-94cf-31321d0b4abb" index="76" custom="{&quot;heights&quot;: [33.1, 13.4]}">
        <Coords points="1949,3606 1841,3609 1743,3609 1644,3609 1541,3612 1443,3612 1344,3612 1241,3615 1143,3615 1038,3615 1038,3661 1143,3661 1242,3661 1344,3658 1443,3658 1542,3658 1644,3655 1743,3655 1842,3655 1950,3652 1949,3606"/>
        <Baseline points="1038,3648 1143,3648 1242,3648 1344,3645 1443,3645 1542,3645 1644,3642 1743,3642 1842,3642 1950,3639"/>
        <TextEquiv conf="1.000">
          <Unicode>Ausdruck verliehen. Zahlreiche Blätter bringen die</Unicode>
        </TextEquiv>
      </TextLine>
      <TextLine id="68fafcaa-6b8f-405d-a53f-a4eea67d572e" index="77" custom="{&quot;heights&quot;: [33.1, 13.5]}">
        <Coords points="1037,3706 1140,3706 1239,3706 1341,3703 1440,3703 1542,3703 1641,3703 1743,3703 1842,3700 1950,3697 1949,3651 1841,3654 1742,3657 1641,3657 1542,3657 1440,3657 1341,3657 1238,3660 1140,3660 1037,3660 1037,3706"/>
        <Baseline points="1037,3693 1140,3693 1239,3693 1341,3690 1440,3690 1542,3690 1641,3690 1743,3690 1842,3687 1950,3684"/>
        <TextEquiv conf="1.000">
          <Unicode>Photographien des Herrn Erzherzogs und seiner Ge-</Unicode>
        </TextEquiv>
      </TextLine>
      <TextLine id="3c7cc841-7e30-4db0-ae9b-a58d04b3f9db" index="78" custom="{&quot;heights&quot;: [32.4, 13.4]}">
        <Coords points="1037,3754 1080,3751 1122,3751 1170,3751 1170,3706 1122,3706 1080,3706 1037,3708 1037,3754"/>
        <Baseline points="1037,3741 1080,3738 1122,3738 1170,3738"/>
        <TextEquiv conf="1.000">
          <Unicode>mahlin.</Unicode>
        </TextEquiv>
      </TextLine>
      <TextLine id="f77be3f6-af14-436c-82a7-5fe59b98326e" index="79" custom="{&quot;heights&quot;: [34.0, 13.8]}">
        <Coords points="1953,3746 1851,3746 1752,3746 1656,3746 1557,3746 1460,3749 1362,3749 1266,3749 1167,3749 1065,3749 1065,3797 1167,3797 1266,3797 1362,3797 1461,3797 1557,3794 1656,3794 1752,3794 1851,3794 1955,3794 1953,3746"/>
        <Baseline points="1065,3783 1167,3783 1266,3783 1362,3783 1461,3783 1557,3780 1656,3780 1752,3780 1851,3780 1954,3780"/>
        <TextEquiv conf="1.000">
          <Unicode>Die „Times“ schreiben: Der erste Gedanke wendet</Unicode>
        </TextEquiv>
      </TextLine>
      <TextLine id="9b7b4530-07cb-412f-abfd-95edea035e4a" index="80" custom="{&quot;heights&quot;: [32.9, 13.5]}">
        <Coords points="1955,3795 1848,3795 1746,3795 1647,3795 1545,3795 1446,3795 1344,3795 1244,3798 1144,3795 1037,3798 1038,3845 1143,3842 1245,3845 1344,3842 1446,3842 1545,3842 1647,3842 1746,3842 1848,3842 1956,3842 1955,3795"/>
        <Baseline points="1038,3831 1143,3828 1245,3831 1344,3828 1446,3828 1545,3828 1647,3828 1746,3828 1848,3828 1956,3828"/>
        <TextEquiv conf="1.000">
          <Unicode>sich allenthalben dem verehrungswürdigen Kaiser zu,</Unicode>
        </TextEquiv>
      </TextLine>
      <TextLine id="3864476c-8d9f-470d-b17a-0b238504cbb6" index="81" custom="{&quot;heights&quot;: [32.7, 13.5]}">
        <Coords points="1036,3892 1140,3890 1242,3890 1341,3890 1443,3890 1542,3887 1644,3887 1743,3887 1845,3887 1953,3884 1952,3837 1844,3840 1743,3840 1644,3840 1542,3840 1442,3843 1341,3843 1242,3843 1140,3843 1036,3846 1036,3892"/>
        <Baseline points="1036,3879 1140,3876 1242,3876 1341,3876 1443,3876 1542,3873 1644,3873 1743,3873 1845,3873 1953,3870"/>
        <TextEquiv conf="1.000">
          <Unicode>Dessen Los es war, mannigfache und schwere Sor-</Unicode>
        </TextEquiv>
      </TextLine>
      <TextLine id="6a19e129-9110-4a4e-bbb7-243aca8916c4" index="82" custom="{&quot;heights&quot;: [32.5, 13.4]}">
        <Coords points="1036,3937 1140,3937 1239,3937 1341,3934 1440,3934 1542,3934 1641,3931 1743,3931 1842,3931 1950,3928 1949,3883 1841,3886 1743,3886 1641,3886 1541,3889 1440,3889 1341,3889 1238,3892 1140,3892 1036,3892 1036,3937"/>
        <Baseline points="1036,3924 1140,3924 1239,3924 1341,3921 1440,3921 1542,3921 1641,3918 1743,3918 1842,3918 1950,3915"/>
        <TextEquiv conf="1.000">
          <Unicode>gen zu ertragen, wie sie je kaum ein Sterblicher ge-</Unicode>
        </TextEquiv>
      </TextLine>
      <TextLine id="1669ca44-7b9b-40c1-916c-eca9d689bfc4" index="83" custom="{&quot;heights&quot;: [32.3, 13.8]}">
        <Coords points="1036,3983 1077,3983 1113,3983 1149,3983 1185,3983 1227,3983 1227,3937 1185,3937 1149,3937 1113,3937 1077,3937 1036,3937 1036,3983"/>
        <Baseline points="1036,3969 1077,3969 1113,3969 1149,3969 1185,3969 1227,3969"/>
        <TextEquiv conf="1.000">
          <Unicode>kannt hat.</Unicode>
        </TextEquiv>
      </TextLine>
      <TextLine id="42dd4413-3a8f-4685-92bf-5aa49e8ec10e" index="84" custom="{&quot;heights&quot;: [33.7, 13.5]}">
        <Coords points="1074,4030 1176,4027 1272,4024 1368,4024 1464,4024 1560,4027 1656,4024 1752,4024 1848,4024 1953,4027 1954,3980 1849,3977 1752,3977 1656,3977 1559,3980 1465,3977 1368,3977 1272,3977 1175,3980 1073,3983 1074,4030"/>
        <Baseline points="1074,4017 1176,4014 1272,4011 1368,4011 1464,4011 1560,4014 1656,4011 1752,4011 1848,4011 1953,4014"/>
        <TextEquiv conf="0.999">
          <Unicode>„Daily Telegraph“ sagt: Unsere Entrüstung</Unicode>
        </TextEquiv>
      </TextLine>
      <TextLine id="3bcde458-3d3e-44ea-a5b2-9468ea9bbaf4" index="85" custom="{&quot;heights&quot;: [33.6, 13.7]}">
        <Coords points="1038,4073 1143,4073 1242,4073 1344,4073 1443,4073 1545,4073 1644,4070 1746,4070 1845,4070 1953,4070 1953,4022 1845,4022 1746,4022 1644,4022 1544,4025 1443,4025 1344,4025 1242,4025 1143,4025 1038,4025 1038,4073"/>
        <Baseline points="1038,4059 1143,4059 1242,4059 1344,4059 1443,4059 1545,4059 1644,4056 1746,4056 1845,4056 1953,4056"/>
        <TextEquiv conf="1.000">
          <Unicode>über die Untat ist um so größer, als England erst vor</Unicode>
        </TextEquiv>
      </TextLine>
      <TextLine id="41d62a57-c0a9-47ab-aa29-f9e7d711caf9" index="86" custom="{&quot;heights&quot;: [33.5, 13.7]}">
        <Coords points="1036,4121 1137,4121 1239,4121 1338,4118 1440,4118 1539,4118 1641,4118 1740,4118 1842,4118 1950,4118 1950,4070 1842,4070 1740,4070 1641,4070 1539,4070 1440,4070 1338,4070 1238,4073 1137,4073 1036,4073 1036,4121"/>
        <Baseline points="1036,4107 1137,4107 1239,4107 1338,4104 1440,4104 1539,4104 1641,4104 1740,4104 1842,4104 1950,4104"/>
        <TextEquiv conf="1.000">
          <Unicode>kurzem die Ehre hatte, den unglücklichen Erzherzog</Unicode>
        </TextEquiv>
      </TextLine>
      <TextLine id="37c88142-7db9-4a26-a84b-db6772af56f3" index="87" custom="{&quot;heights&quot;: [33.2, 13.5]}">
        <Coords points="1035,4168 1137,4166 1239,4166 1338,4166 1440,4163 1539,4163 1641,4163 1740,4163 1842,4163 1950,4160 1949,4113 1841,4116 1740,4116 1641,4116 1539,4116 1440,4116 1337,4119 1239,4119 1137,4119 1036,4122 1035,4168"/>
        <Baseline points="1035,4155 1137,4152 1239,4152 1338,4152 1440,4149 1539,4149 1641,4149 1740,4149 1842,4149 1950,4146"/>
        <TextEquiv conf="1.000">
          <Unicode>und seine Gemahlin zu Gaste zu sehen. Es steht</Unicode>
        </TextEquiv>
      </TextLine>
      <TextLine id="11907003-8387-41fb-8b1d-fc8445c5c04f" index="88" custom="{&quot;heights&quot;: [33.4, 13.5]}">
        <Coords points="1035,4214 1137,4214 1239,4211 1338,4211 1440,4211 1539,4211 1641,4208 1740,4208 1842,4208 1950,4205 1949,4158 1841,4161 1740,4161 1641,4161 1538,4164 1440,4164 1338,4164 1239,4164 1136,4167 1035,4167 1035,4214"/>
        <Baseline points="1035,4200 1137,4200 1239,4197 1338,4197 1440,4197 1539,4197 1641,4194 1740,4194 1842,4194 1950,4191"/>
        <TextEquiv conf="1.000">
          <Unicode>außer Frage, daß der Erzherzog, der einer so starken</Unicode>
        </TextEquiv>
      </TextLine>
      <TextLine id="09d49c69-fbd9-455b-8b29-4660f2373725" index="89" custom="{&quot;heights&quot;: [33.8, 13.5]}">
        <Coords points="1038,4259 1143,4259 1242,4256 1344,4256 1443,4256 1542,4256 1644,4256 1743,4253 1842,4253 1950,4250 1949,4202 1841,4205 1743,4205 1643,4208 1542,4208 1443,4208 1344,4208 1242,4208 1142,4211 1038,4211 1038,4259"/>
        <Baseline points="1038,4245 1143,4245 1242,4242 1344,4242 1443,4242 1542,4242 1644,4242 1743,4239 1842,4239 1950,4236"/>
        <TextEquiv conf="1.000">
          <Unicode>Persönlichkeit, wie es Se. Majestät der Kaiser und</Unicode>
        </TextEquiv>
      </TextLine>
      <TextLine id="59b15169-c748-4a34-a55e-cae425ebc9b9" index="90" custom="{&quot;heights&quot;: [34.4, 13.5]}">
        <Coords points="1035,4307 1086,4307 1615,4301 1641,4301 1696,4300 1766,4300 1842,4298 1950,4298 1950,4250 1842,4250 1742,4253 1641,4253 1541,4256 1440,4256 1340,4259 1239,4259 1140,4259 1035,4259 1035,4307"/>
        <Baseline points="1035,4293 1140,4293 1239,4293 1341,4293 1440,4290 1542,4290 1641,4287 1743,4287 1842,4284 1950,4284"/>
        <TextEquiv conf="1.000">
          <Unicode>König Franz Joseph ist, nachfolgen sollte, selbst</Unicode>
        </TextEquiv>
      </TextLine>
    </TextRegion>
    <TextRegion id="b64ab61d-e4aa-4b52-865f-6280d18b9c1f">
      <Coords points="1977,821 1977,2566 2901,2557 2905,2376 2898,2333 2907,2102 2901,1918 2907,1275 2901,1228 2907,1137 2895,631 2899,132 1977,135 1977,821"/>
      <TextLine id="f2fc1c7c-a818-490d-8b70-81eaf3c4d75c" index="0" custom="{&quot;heights&quot;: [32.8, 13.6]}">
        <Coords points="2103,135 2081,135 1977,135 1977,182 2082,182 2184,179 2286,179 2385,179 2487,179 2589,179 2688,176 2790,176 2898,179 2899,132 2891,132 2103,135"/>
        <Baseline points="1977,168 2082,168 2184,165 2286,165 2385,165 2487,165 2589,165 2688,162 2790,162 2898,165"/>
        <TextEquiv conf="1.000">
          <Unicode>mit einem so kräftigen Charakter begabt war, daß</Unicode>
        </TextEquiv>
      </TextLine>
      <TextLine id="29e4a600-dec8-4c7c-be20-c103379398f8" index="1" custom="{&quot;heights&quot;: [32.7, 13.6]}">
        <Coords points="1977,227 2082,227 2184,227 2283,227 2385,224 2484,224 2586,224 2685,224 2787,224 2895,221 2894,174 2786,177 2685,177 2586,177 2484,177 2385,177 2282,180 2184,180 2082,180 1977,180 1977,227"/>
        <Baseline points="1977,213 2082,213 2184,213 2283,213 2385,210 2484,210 2586,210 2685,210 2787,210 2895,207"/>
        <TextEquiv conf="1.000">
          <Unicode>er sicher der europäischen Politik seinen Stempel auf-</Unicode>
        </TextEquiv>
      </TextLine>
      <TextLine id="de85959d-b115-45d3-8cf8-3f005ac37a1b" index="2" custom="{&quot;heights&quot;: [32.9, 13.6]}">
        <Coords points="2898,257 2898,222 2790,222 2688,222 2589,222 2486,225 2385,225 2286,225 2184,225 2082,225 1977,228 1977,261 1977,275 2082,272 2184,272 2286,272 2385,272 2487,272 2589,269 2688,269 2790,269 2898,269 2898,257"/>
        <Baseline points="1977,261 2082,258 2184,258 2286,258 2385,258 2487,258 2589,255 2688,255 2790,255 2898,255"/>
        <TextEquiv conf="1.000">
          <Unicode>gedrückt hätte. Sein Tod ist ein ernster Verlust nicht</Unicode>
        </TextEquiv>
      </TextLine>
      <TextLine id="4d01d7b0-9c8f-46cb-a925-4ad96e64f109" index="3" custom="{&quot;heights&quot;: [32.9, 13.6]}">
        <Coords points="1977,320 2082,320 2184,317 2283,317 2385,317 2484,317 2586,314 2685,314 2787,314 2895,314 2895,267 2787,267 2685,267 2586,267 2483,270 2385,270 2283,270 2184,270 2081,273 1977,273 1977,320"/>
        <Baseline points="1977,306 2082,306 2184,303 2283,303 2385,303 2484,303 2586,300 2685,300 2787,300 2895,300"/>
        <TextEquiv conf="1.000">
          <Unicode>nur für Österreich-Ungarn, sondern für ganz Europa.</Unicode>
        </TextEquiv>
      </TextLine>
      <TextLine id="4e95a46e-3cf2-4f6c-8982-a129484c8c76" index="4" custom="{&quot;heights&quot;: [32.8, 13.6]}">
        <Coords points="2897,323 2897,309 2789,312 2688,312 2588,315 2487,315 2388,315 2286,315 2186,318 2085,318 1979,321 1980,368 2085,365 2187,365 2286,362 2388,362 2487,362 2589,362 2688,359 2790,359 2897,356 2897,323"/>
        <Baseline points="1980,354 2085,351 2187,351 2286,348 2388,348 2487,348 2589,348 2688,345 2790,345 2897,342"/>
        <TextEquiv conf="1.000">
          <Unicode>Zu einer Zeit, wo die Welt an großen Persönlich-</Unicode>
        </TextEquiv>
      </TextLine>
      <TextLine id="95bdb4e2-6017-4eff-9447-b7cc48c6d3c1" index="5" custom="{&quot;heights&quot;: [32.9, 13.5]}">
        <Coords points="2897,360 2897,357 2789,360 2688,360 2589,360 2487,360 2388,360 2285,363 2187,363 2085,363 1980,363 1980,410 2085,410 2187,410 2286,410 2388,407 2487,407 2589,407 2688,407 2790,407 2897,404 2897,360"/>
        <Baseline points="1980,396 2085,396 2187,396 2286,396 2388,393 2487,393 2589,393 2688,393 2790,393 2897,390"/>
        <TextEquiv conf="1.000">
          <Unicode>keiten Mangel leidet, ist der Tod einer so starken</Unicode>
        </TextEquiv>
      </TextLine>
      <TextLine id="e2079708-f6ef-42f3-874c-b500d8a0da1a" index="6" custom="{&quot;heights&quot;: [32.8, 13.4]}">
        <Coords points="2897,402 2789,405 2688,405 2589,405 2487,405 2387,408 2286,408 2187,408 2085,408 1979,411 1980,457 2085,454 2187,454 2286,454 2388,454 2487,451 2589,451 2688,451 2790,451 2896,448 2897,402"/>
        <Baseline points="1980,444 2085,441 2187,441 2286,441 2388,441 2487,438 2589,438 2688,438 2790,438 2897,435"/>
        <TextEquiv conf="1.000">
          <Unicode>Persönlichkeit ein Unglück, dessen Tragweite man kaum</Unicode>
        </TextEquiv>
      </TextLine>
      <TextLine id="069cc38e-3161-478d-849d-763db25541a8" index="7" custom="{&quot;heights&quot;: [33.1, 13.4]}">
        <Coords points="2896,447 2790,447 2687,450 2589,450 2487,450 2385,450 2285,453 2184,453 2082,453 1977,456 1977,489 1977,502 2082,499 2184,499 2286,499 2385,496 2487,496 2589,496 2688,496 2790,493 2896,493 2896,447"/>
        <Baseline points="1977,489 2082,486 2184,486 2286,486 2385,483 2487,483 2589,483 2688,483 2790,480 2896,480"/>
        <TextEquiv conf="1.000">
          <Unicode>überschätzen kann. Wir können nur sagen, daß wir</Unicode>
        </TextEquiv>
      </TextLine>
      <TextLine id="d5766f79-0258-4696-a0a0-f68dd47b0839" index="8" custom="{&quot;heights&quot;: [33.1, 13.4]}">
        <Coords points="2896,492 2789,495 2688,495 2589,495 2486,498 2385,498 2286,498 2184,498 2082,498 1977,501 1977,534 1977,547 2082,544 2184,544 2286,544 2385,544 2487,544 2589,541 2688,541 2790,541 2896,538 2896,492"/>
        <Baseline points="1977,534 2082,531 2184,531 2286,531 2385,531 2487,531 2589,528 2688,528 2790,528 2896,525"/>
        <TextEquiv conf="1.000">
          <Unicode>in diesem Lande einmütig mit dem von dem Un-</Unicode>
        </TextEquiv>
      </TextLine>
      <TextLine id="f8c5e44b-d489-4da5-b42b-6397f4f0132e" index="9" custom="{&quot;heights&quot;: [32.9, 13.4]}">
        <Coords points="2896,540 2790,540 2688,540 2588,543 2487,543 2388,543 2286,543 2187,543 2084,546 1980,546 1980,592 2085,592 2187,589 2286,589 2388,589 2487,589 2589,589 2688,586 2790,586 2895,586 2896,540"/>
        <Baseline points="1980,579 2085,579 2187,576 2286,576 2388,576 2487,576 2589,576 2688,573 2790,573 2895,573"/>
        <TextEquiv conf="1.000">
          <Unicode>glücke Betroffenen die Sorge teilen und Entsetzen über</Unicode>
        </TextEquiv>
      </TextLine>
      <TextLine id="54662e32-1ad6-472a-8631-c8a70d46c025" index="10" custom="{&quot;heights&quot;: [32.5, 13.3]}">
        <Coords points="2895,586 2787,586 2687,589 2586,589 2487,589 2385,589 2285,592 2184,592 2085,592 1980,592 1980,637 2085,637 2184,637 2286,637 2385,634 2487,634 2586,634 2688,634 2787,631 2895,631 2895,631 2895,586"/>
        <Baseline points="1980,624 2085,624 2184,624 2286,624 2385,621 2487,621 2586,621 2688,621 2787,618 2895,618"/>
        <TextEquiv conf="1.000">
          <Unicode>die feige Mordtat fühlen, die das Gewissen der ganzen</Unicode>
        </TextEquiv>
      </TextLine>
      <TextLine id="404994d4-ce16-448e-9e5a-d3a14dfe29d4" index="11" custom="{&quot;heights&quot;: [32.5, 13.8]}">
        <Coords points="1980,683 2019,683 2055,683 2091,683 2127,683 2163,683 2199,683 2235,683 2271,683 2313,683 2313,637 2271,637 2235,637 2199,637 2163,637 2127,637 2091,637 2055,637 2019,637 1980,637 1980,683"/>
        <Baseline points="1980,669 2019,669 2055,669 2091,669 2127,669 2163,669 2199,669 2235,669 2271,669 2313,669"/>
        <TextEquiv conf="1.000">
          <Unicode>Welt erschüttert hat.</Unicode>
        </TextEquiv>
      </TextLine>
      <TextLine id="8ba80a7a-dbb6-4c87-8e70-36977450d39b" index="12" custom="{&quot;heights&quot;: [32.9, 13.3]}">
        <Coords points="2896,678 2793,678 2697,678 2601,678 2505,678 2405,681 2311,678 2213,681 2118,681 2016,681 2016,727 2118,727 2214,727 2310,724 2406,727 2505,724 2601,724 2697,724 2793,724 2897,724 2896,678"/>
        <Baseline points="2016,714 2118,714 2214,714 2310,711 2406,714 2505,711 2601,711 2697,711 2793,711 2897,711"/>
        <TextEquiv conf="1.000">
          <Unicode>„Morning Post“ schreibt: Wenn die Sympathie</Unicode>
        </TextEquiv>
      </TextLine>
      <TextLine id="327e33c5-97d0-4054-bcfc-658f6684f84d" index="13" custom="{&quot;heights&quot;: [33.1, 13.8]}">
        <Coords points="2897,723 2790,723 2687,726 2589,726 2487,726 2385,726 2286,726 2184,726 2082,726 1977,729 1977,762 1977,776 2082,773 2184,773 2286,773 2385,773 2487,773 2589,773 2688,773 2790,770 2898,770 2898,758 2897,723"/>
        <Baseline points="1977,762 2082,759 2184,759 2286,759 2385,759 2487,759 2589,759 2688,759 2790,756 2898,756"/>
        <TextEquiv conf="1.000">
          <Unicode>der zivilisierten Welt Sr. Majestät dem Kaiser und</Unicode>
        </TextEquiv>
      </TextLine>
      <TextLine id="88f85f14-828a-430a-8176-f3fe22332ed2" index="14" custom="{&quot;heights&quot;: [32.9, 13.8]}">
        <Coords points="1977,821 2082,821 2184,821 2286,818 2385,818 2487,818 2589,818 2688,818 2790,818 2898,818 2898,771 2790,771 2688,771 2589,771 2487,771 2385,771 2286,771 2183,774 2082,774 1977,774 1977,821"/>
        <Baseline points="1977,807 2082,807 2184,807 2286,804 2385,804 2487,804 2589,804 2688,804 2790,804 2898,804"/>
        <TextEquiv conf="1.000">
          <Unicode>König Franz Joseph etwas zu bedeuten ver-</Unicode>
        </TextEquiv>
      </TextLine>
      <TextLine id="11710599-313b-418e-8baa-b5f2e0f8bcad" index="15" custom="{&quot;heights&quot;: [32.7, 13.7]}">
        <Coords points="2899,816 2793,816 2691,816 2592,816 2490,816 2387,819 2289,819 2187,819 2085,819 1980,819 1980,866 2085,866 2187,866 2289,866 2388,866 2490,863 2592,863 2691,863 2793,863 2900,863 2899,816"/>
        <Baseline points="1980,852 2085,852 2187,852 2289,852 2388,852 2490,849 2592,849 2691,849 2793,849 2900,849"/>
        <TextEquiv conf="1.000">
          <Unicode>mag, so kann Er ihrer in vollem Maße versichert sein.</Unicode>
        </TextEquiv>
      </TextLine>
      <TextLine id="efdcd1d2-b28a-4d54-9766-192523b588aa" index="16" custom="{&quot;heights&quot;: [32.9, 13.6]}">
        <Coords points="1977,911 2082,911 2184,911 2286,911 2388,911 2490,911 2592,911 2694,908 2796,908 2901,905 2900,858 2795,861 2694,861 2591,864 2490,864 2388,864 2286,864 2184,864 2082,864 1977,864 1977,911"/>
        <Baseline points="1977,897 2082,897 2184,897 2286,897 2388,897 2490,897 2592,897 2694,894 2796,894 2901,891"/>
        <TextEquiv conf="1.000">
          <Unicode>Attentäter sind sich selten der Sinnlosigkeit ihres Er-</Unicode>
        </TextEquiv>
      </TextLine>
      <TextLine id="9aa93ec9-804e-407a-a358-cc514beee030" index="17" custom="{&quot;heights&quot;: [33.2, 13.6]}">
        <Coords points="1977,959 2082,959 2184,959 2286,959 2388,956 2490,956 2592,956 2694,953 2796,953 2903,953 2902,906 2796,906 2694,906 2591,909 2490,909 2388,909 2285,912 2184,912 2082,912 1977,912 1977,959"/>
        <Baseline points="1977,945 2082,945 2184,945 2286,945 2388,942 2490,942 2592,942 2694,939 2796,939 2902,939"/>
        <TextEquiv conf="1.000">
          <Unicode>folges bewußt. Die traurige Liste von Attentaten</Unicode>
        </TextEquiv>
      </TextLine>
      <TextLine id="98f8ee06-4551-4891-aa0a-bc726372a63d" index="18" custom="{&quot;heights&quot;: [33.4, 13.5]}">
        <Coords points="1977,1004 2082,1004 2184,1004 2286,1004 2388,1004 2490,1003 2592,1001 2694,1001 2796,1001 2904,1001 2903,954 2796,954 2694,954 2592,954 2489,957 2388,957 2286,957 2184,957 2082,957 1977,957 1977,1004"/>
        <Baseline points="1977,990 2082,990 2184,990 2286,990 2388,990 2490,990 2592,987 2694,987 2796,987 2903,987"/>
        <TextEquiv conf="1.000">
          <Unicode>unserer Zeit zeigt, daß kein Ideal, keine Erhabenheit</Unicode>
        </TextEquiv>
      </TextLine>
      <TextLine id="845636b3-1fd4-4112-bf09-d659456cebc5" index="19" custom="{&quot;heights&quot;: [33.2, 13.6]}">
        <Coords points="1977,1049 2082,1049 2184,1049 2286,1049 2388,1049 2487,1049 2589,1049 2691,1046 2793,1046 2901,1049 2902,1002 2794,999 2691,999 2588,1002 2487,1002 2388,1002 2286,1002 2184,1002 2082,1002 1977,1002 1977,1049"/>
        <Baseline points="1977,1035 2082,1035 2184,1035 2286,1035 2388,1035 2487,1035 2589,1035 2691,1032 2793,1032 2901,1035"/>
        <TextEquiv conf="1.000">
          <Unicode>des Charakters eine Garantie gegen die leichtfertige</Unicode>
        </TextEquiv>
      </TextLine>
      <TextLine id="cb5ad94e-c59a-4799-9e65-ee834da889c6" index="20" custom="{&quot;heights&quot;: [33.1, 13.6]}">
        <Coords points="1977,1097 2082,1097 2184,1094 2286,1094 2388,1094 2490,1094 2592,1094 2694,1094 2796,1091 2904,1094 2905,1048 2905,1047 2797,1044 2693,1047 2592,1047 2490,1047 2388,1047 2286,1047 2184,1047 2081,1050 1977,1050 1977,1097"/>
        <Baseline points="1977,1083 2082,1083 2184,1080 2286,1080 2388,1080 2490,1080 2592,1080 2694,1080 2796,1077 2904,1080"/>
        <TextEquiv conf="1.000">
          <Unicode>Kugel irgend eines halbverrückten Fanatikers bilden.</Unicode>
        </TextEquiv>
      </TextLine>
      <TextLine id="8e72fb3f-230d-4de6-8183-4e6187df9bcf" index="21" custom="{&quot;heights&quot;: [32.9, 13.4]}">
        <Coords points="1977,1141 2082,1141 2184,1141 2286,1141 2388,1138 2490,1138 2592,1138 2694,1138 2796,1135 2904,1135 2904,1089 2796,1089 2693,1092 2592,1092 2490,1092 2388,1092 2285,1095 2184,1095 2082,1095 1977,1095 1977,1141"/>
        <Baseline points="1977,1128 2082,1128 2184,1128 2286,1128 2388,1125 2490,1125 2592,1125 2694,1125 2796,1122 2904,1122"/>
        <TextEquiv conf="1.000">
          <Unicode>Die Politik Osterreich-Ungarns kann durch das</Unicode>
        </TextEquiv>
      </TextLine>
      <TextLine id="b0cc2147-1e87-49f5-8565-81df2ad6fe14" index="22" custom="{&quot;heights&quot;: [33.2, 13.4]}">
        <Coords points="2907,1137 2907,1137 2799,1137 2697,1137 2595,1137 2492,1140 2391,1140 2289,1140 2187,1140 2085,1140 1980,1140 1980,1186 2085,1186 2187,1186 2289,1186 2391,1186 2493,1186 2595,1183 2697,1183 2799,1183 2904,1183 2907,1137"/>
        <Baseline points="1980,1173 2085,1173 2187,1173 2289,1173 2391,1173 2493,1173 2595,1170 2697,1170 2799,1170 2905,1170"/>
        <TextEquiv conf="1.000">
          <Unicode>Attentat keine Änderung erfahren, denn sie entspricht</Unicode>
        </TextEquiv>
      </TextLine>
      <TextLine id="7fff04d3-a357-4c6a-9599-311df8b68a2b" index="23" custom="{&quot;heights&quot;: [33.5, 13.5]}">
        <Coords points="2901,1228 2901,1224 2900,1182 2792,1185 2691,1185 2592,1185 2490,1185 2388,1185 2289,1185 2187,1185 2084,1188 1980,1188 1980,1234 2085,1234 2187,1231 2289,1231 2388,1231 2490,1231 2592,1231 2691,1231 2793,1231 2901,1228 2901,1228"/>
        <Baseline points="1980,1221 2085,1221 2187,1218 2289,1218 2388,1218 2490,1218 2592,1218 2691,1218 2793,1218 2901,1215"/>
        <TextEquiv conf="1.000">
          <Unicode>den Bedürfnissen der Monarchie und der Völker, die</Unicode>
        </TextEquiv>
      </TextLine>
      <TextLine id="768c77b5-3208-4f50-a5c4-c3adfa30c23e" index="24" custom="{&quot;heights&quot;: [32.7, 13.4]}">
        <Coords points="1981,1282 2028,1279 2073,1279 2115,1279 2160,1279 2202,1279 2247,1279 2289,1279 2335,1279 2386,1276 2383,1230 2332,1233 2289,1233 2247,1233 2202,1233 2160,1233 2115,1233 2073,1233 2028,1233 1978,1236 1981,1282"/>
        <Baseline points="1980,1269 2028,1266 2073,1266 2115,1266 2160,1266 2202,1266 2247,1266 2289,1266 2334,1266 2385,1263"/>
        <TextEquiv conf="1.000">
          <Unicode>ihre Länder bewohnen.</Unicode>
        </TextEquiv>
      </TextLine>
      <TextLine id="109a7cf2-69ee-4713-baec-3f46637b4826" index="25" custom="{&quot;heights&quot;: [33.3, 13.5]}">
        <Coords points="2907,1275 2907,1275 2802,1275 2703,1275 2606,1278 2508,1278 2413,1275 2312,1278 2217,1278 2118,1278 2015,1281 2016,1328 2118,1325 2217,1325 2313,1325 2412,1322 2508,1325 2607,1325 2703,1322 2802,1322 2907,1322 2907,1275"/>
        <Baseline points="2016,1314 2118,1311 2217,1311 2313,1311 2412,1308 2508,1311 2607,1311 2703,1308 2802,1308 2907,1308"/>
        <TextEquiv conf="1.000">
          <Unicode>„Daily Graphic“ schreibt: Der Tod des Erz-</Unicode>
        </TextEquiv>
      </TextLine>
      <TextLine id="36dbbd01-3a50-42a5-9618-102a11663ce6" index="26" custom="{&quot;heights&quot;: [33.0, 13.6]}">
        <Coords points="1977,1373 2082,1373 2184,1370 2286,1370 2388,1370 2487,1370 2589,1370 2691,1370 2793,1367 2901,1364 2900,1317 2792,1320 2690,1323 2589,1323 2487,1323 2388,1323 2286,1323 2184,1323 2081,1326 1977,1326 1977,1373"/>
        <Baseline points="1977,1359 2082,1359 2184,1356 2286,1356 2388,1356 2487,1356 2589,1356 2691,1356 2793,1353 2901,1350"/>
        <TextEquiv conf="1.000">
          <Unicode>herzogs mit seinen hohen Idealen, seiner reichen Er-</Unicode>
        </TextEquiv>
      </TextLine>
      <TextLine id="884392c6-efd1-4e3f-8928-3a5ae7d4567d" index="27" custom="{&quot;heights&quot;: [32.9, 13.4]}">
        <Coords points="1980,1417 2085,1417 2187,1417 2289,1417 2388,1414 2490,1414 2592,1414 2691,1414 2793,1414 2901,1411 2900,1365 2792,1368 2691,1368 2592,1368 2490,1368 2388,1368 2288,1371 2187,1371 2085,1371 1980,1371 1980,1417"/>
        <Baseline points="1980,1404 2085,1404 2187,1404 2289,1404 2388,1401 2490,1401 2592,1401 2691,1401 2793,1401 2901,1398"/>
        <TextEquiv conf="1.000">
          <Unicode>fahrung und seinem natürlichen Ernst ist ein Unglück</Unicode>
        </TextEquiv>
      </TextLine>
      <TextLine id="1bdd465a-93a6-4137-a3f7-7d8177d8e455" index="28" custom="{&quot;heights&quot;: [33.4, 13.5]}">
        <Coords points="1983,1462 2088,1462 2190,1462 2289,1462 2391,1462 2490,1459 2592,1459 2691,1459 2793,1459 2901,1459 2901,1413 2793,1413 2691,1413 2592,1413 2490,1413 2390,1416 2289,1416 2190,1416 2088,1416 1983,1416 1983,1462"/>
        <Baseline points="1983,1449 2088,1449 2190,1449 2289,1449 2391,1449 2490,1446 2592,1446 2691,1446 2793,1446 2901,1446"/>
        <TextEquiv conf="1.000">
          <Unicode>für Österreich-Ungarn und durch dasselbe für ganz</Unicode>
        </TextEquiv>
      </TextLine>
      <TextLine id="b790bd6d-eddf-42ca-be15-9ce58f067908" index="29" custom="{&quot;heights&quot;: [33.2, 13.5]}">
        <Coords points="1980,1511 2085,1511 2187,1511 2289,1508 2391,1508 2490,1508 2592,1505 2694,1505 2796,1505 2904,1505 2904,1458 2796,1458 2694,1458 2592,1458 2489,1461 2391,1461 2289,1461 2186,1464 2085,1464 1980,1464 1980,1511"/>
        <Baseline points="1980,1497 2085,1497 2187,1497 2289,1494 2391,1494 2490,1494 2592,1491 2694,1491 2796,1491 2904,1491"/>
        <TextEquiv conf="1.000">
          <Unicode>Europa. Aber die politische Seite des Verbrechens</Unicode>
        </TextEquiv>
      </TextLine>
      <TextLine id="6175fc63-ee0b-4172-b88b-1f12375107b8" index="30" custom="{&quot;heights&quot;: [33.1, 13.5]}">
        <Coords points="1980,1555 2085,1555 2187,1555 2289,1555 2391,1552 2490,1552 2592,1552 2694,1549 2796,1549 2904,1546 2903,1500 2795,1503 2694,1503 2591,1506 2490,1506 2391,1506 2288,1509 2187,1509 2085,1509 1980,1509 1980,1555"/>
        <Baseline points="1980,1542 2085,1542 2187,1542 2289,1542 2391,1539 2490,1539 2592,1539 2694,1536 2796,1536 2904,1533"/>
        <TextEquiv conf="1.000">
          <Unicode>kann nicht so sehr an uns appellieren wie die per-</Unicode>
        </TextEquiv>
      </TextLine>
      <TextLine id="f06aa32b-87cc-48da-a905-25b53c51ff80" index="31" custom="{&quot;heights&quot;: [33.2, 13.5]}">
        <Coords points="1980,1603 2085,1600 2187,1600 2289,1600 2391,1600 2490,1597 2592,1597 2694,1597 2796,1594 2904,1594 2904,1548 2796,1548 2693,1551 2592,1551 2490,1551 2390,1554 2289,1554 2187,1554 2085,1554 1979,1557 1980,1603"/>
        <Baseline points="1980,1590 2085,1587 2187,1587 2289,1587 2391,1587 2490,1584 2592,1584 2694,1584 2796,1581 2904,1581"/>
        <TextEquiv conf="1.000">
          <Unicode>sönliche, menschliche. Erst vor wenigen Monaten weilten</Unicode>
        </TextEquiv>
      </TextLine>
      <TextLine id="1e7c6280-7fd1-466c-9a8d-64ff95f806cd" index="32" custom="{&quot;heights&quot;: [33.0, 13.4]}">
        <Coords points="1980,1648 2085,1648 2187,1645 2289,1645 2388,1645 2490,1645 2592,1645 2691,1642 2793,1642 2901,1639 2900,1593 2792,1596 2691,1596 2591,1599 2490,1599 2388,1599 2289,1599 2187,1599 2084,1602 1980,1602 1980,1648"/>
        <Baseline points="1980,1635 2085,1635 2187,1632 2289,1632 2388,1632 2490,1632 2592,1632 2691,1629 2793,1629 2901,1626"/>
        <TextEquiv conf="1.000">
          <Unicode>die edle Gestalt des Erzherzogs und seine sonnige schöne</Unicode>
        </TextEquiv>
      </TextLine>
      <TextLine id="21eccacc-8215-4f67-b914-4db98982cb5a" index="33" custom="{&quot;heights&quot;: [32.9, 13.4]}">
        <Coords points="1980,1693 2085,1693 2187,1693 2289,1693 2388,1693 2490,1690 2592,1690 2691,1690 2793,1687 2901,1687 2901,1641 2793,1641 2690,1644 2592,1644 2490,1644 2387,1647 2289,1647 2187,1647 2085,1647 1980,1647 1980,1693"/>
        <Baseline points="1980,1680 2085,1680 2187,1680 2289,1680 2388,1680 2490,1677 2592,1677 2691,1677 2793,1674 2901,1674"/>
        <TextEquiv conf="1.000">
          <Unicode>Gemahlin unter uns, und wir vermögen annähernd</Unicode>
        </TextEquiv>
      </TextLine>
      <TextLine id="e0c78b42-22f6-4c16-a7f1-17355355146f" index="34" custom="{&quot;heights&quot;: [32.7, 13.6]}">
        <Coords points="1980,1742 2085,1742 2187,1739 2289,1739 2388,1739 2490,1736 2592,1736 2691,1736 2793,1733 2901,1733 2901,1686 2793,1686 2690,1689 2592,1689 2490,1689 2387,1692 2289,1692 2187,1692 2084,1695 1980,1695 1980,1742"/>
        <Baseline points="1980,1728 2085,1728 2187,1725 2289,1725 2388,1725 2490,1722 2592,1722 2691,1722 2793,1719 2901,1719"/>
        <TextEquiv conf="1.000">
          <Unicode>zu fühlen, was seine Freunde und Landsleute ver-</Unicode>
        </TextEquiv>
      </TextLine>
      <TextLine id="460a4641-770c-4fa5-a149-9f76317f1478" index="35" custom="{&quot;heights&quot;: [32.4, 13.6]}">
        <Coords points="1980,1787 2019,1787 2055,1787 2091,1787 2124,1787 2160,1787 2202,1787 2202,1741 2160,1741 2124,1741 2091,1741 2055,1741 2019,1741 1980,1741 1980,1787"/>
        <Baseline points="1980,1773 2019,1773 2055,1773 2091,1773 2124,1773 2160,1773 2202,1773"/>
        <TextEquiv conf="1.000">
          <Unicode>loren haben.</Unicode>
        </TextEquiv>
      </TextLine>
      <TextLine id="1536434b-1644-403f-b282-bc166e66e6a7" index="36" custom="{&quot;heights&quot;: [33.2, 13.7]}">
        <Coords points="2019,1832 2058,1832 2091,1832 2124,1832 2157,1832 2193,1832 2226,1832 2259,1832 2292,1832 2334,1832 2334,1785 2292,1785 2259,1785 2226,1785 2193,1785 2157,1785 2124,1785 2091,1785 2058,1785 2019,1785 2019,1832"/>
        <Baseline points="2019,1818 2058,1818 2091,1818 2124,1818 2157,1818 2193,1818 2226,1818 2259,1818 2292,1818 2334,1818"/>
        <TextEquiv conf="1.000">
          <Unicode>Rom, 28. Juni.</Unicode>
        </TextEquiv>
      </TextLine>
      <TextLine id="90b962c5-01df-4cbc-a399-b21175d45c9f" index="37" custom="{&quot;heights&quot;: [33.7, 13.5]}">
        <Coords points="2013,1873 2115,1876 2211,1876 2310,1876 2406,1873 2505,1873 2601,1873 2700,1873 2796,1873 2901,1873 2901,1826 2796,1826 2700,1826 2601,1826 2505,1826 2406,1826 2309,1829 2211,1829 2115,1829 2014,1826 2013,1873"/>
        <Baseline points="2013,1860 2115,1863 2211,1863 2310,1863 2406,1860 2505,1860 2601,1860 2700,1860 2796,1860 2901,1860"/>
        <TextEquiv conf="0.999">
          <Unicode>Die „Tribuna“ schreibt: Entsetzt, erschüttert und</Unicode>
        </TextEquiv>
      </TextLine>
      <TextLine id="4b71a05d-5b61-476f-af52-6f802d28fa68" index="38" custom="{&quot;heights&quot;: [32.9, 13.3]}">
        <Coords points="2901,1872 2793,1872 2691,1872 2592,1872 2489,1875 2388,1875 2289,1875 2187,1875 2085,1875 1980,1875 1980,1921 2085,1921 2187,1921 2289,1921 2388,1921 2490,1921 2592,1918 2691,1918 2793,1918 2901,1918 2901,1918 2901,1872"/>
        <Baseline points="1980,1908 2085,1908 2187,1908 2289,1908 2388,1908 2490,1908 2592,1905 2691,1905 2793,1905 2901,1905"/>
        <TextEquiv conf="1.000">
          <Unicode>bewegt durch die Nachricht vom Attentat, wendet sich</Unicode>
        </TextEquiv>
      </TextLine>
      <TextLine id="304bfa15-ba14-4f57-af31-6b3c655a04e5" index="39" custom="{&quot;heights&quot;: [32.7, 13.4]}">
        <Coords points="2901,1917 2793,1917 2691,1917 2592,1917 2489,1920 2388,1920 2289,1920 2186,1923 2085,1923 1980,1923 1980,1969 2085,1969 2187,1969 2289,1966 2388,1966 2490,1966 2592,1963 2691,1963 2793,1963 2901,1963 2901,1918 2901,1917"/>
        <Baseline points="1980,1956 2085,1956 2187,1956 2289,1953 2388,1953 2490,1953 2592,1950 2691,1950 2793,1950 2901,1950"/>
        <TextEquiv conf="1.000">
          <Unicode>unser ganzes Denken der verehrungswürdigen Person</Unicode>
        </TextEquiv>
      </TextLine>
      <TextLine id="e6a9967a-9084-412b-8fa1-9f9208d80eb5" index="40" custom="{&quot;heights&quot;: [33.1, 13.5]}">
        <Coords points="1977,2014 2082,2014 2184,2014 2286,2014 2388,2011 2490,2011 2592,2008 2694,2008 2796,2008 2904,2008 2902,1962 2796,1962 2694,1962 2592,1962 2489,1965 2388,1965 2285,1968 2184,1968 2082,1968 1977,1968 1977,2014"/>
        <Baseline points="1977,2001 2082,2001 2184,2001 2286,2001 2388,1998 2490,1998 2592,1995 2694,1995 2796,1995 2904,1995"/>
        <TextEquiv conf="1.000">
          <Unicode>des Herrschers der Nachbarmonarchie zu. Die Welt</Unicode>
        </TextEquiv>
      </TextLine>
      <TextLine id="a54eef48-fda9-4331-9d30-843ed491ff39" index="41" custom="{&quot;heights&quot;: [33.6, 13.7]}">
        <Coords points="1977,2063 2082,2063 2184,2060 2286,2060 2388,2060 2490,2057 2592,2057 2694,2057 2796,2054 2904,2054 2904,2010 2904,2006 2796,2006 2693,2009 2592,2009 2490,2009 2387,2012 2286,2012 2184,2012 2081,2015 1977,2015 1977,2063"/>
        <Baseline points="1977,2049 2082,2049 2184,2046 2286,2046 2388,2046 2490,2043 2592,2043 2694,2043 2796,2040 2904,2040"/>
        <TextEquiv conf="1.000">
          <Unicode>beugt sich vor dem Schmerze Sr. Majestät des Kaisers</Unicode>
        </TextEquiv>
      </TextLine>
      <TextLine id="48858cf3-b4a2-414b-af98-148f07566883" index="42" custom="{&quot;heights&quot;: [33.7, 13.9]}">
        <Coords points="1977,2097 1977,2111 2085,2108 2187,2108 2289,2105 2391,2105 2493,2105 2595,2105 2697,2102 2799,2102 2907,2102 2905,2054 2799,2054 2697,2054 2594,2057 2493,2057 2391,2057 2289,2057 2186,2060 2085,2060 1977,2063 1977,2097"/>
        <Baseline points="1977,2097 2085,2094 2187,2094 2289,2091 2391,2091 2493,2091 2595,2091 2697,2088 2799,2088 2907,2088"/>
        <TextEquiv conf="1.000">
          <Unicode>und Königs Franz Joseph, Der immer den</Unicode>
        </TextEquiv>
      </TextLine>
      <TextLine id="d74b6a5a-52e6-48ed-be04-6c9eec4d324e" index="43" custom="{&quot;heights&quot;: [33.5, 14.2]}">
        <Coords points="1980,2156 2085,2156 2187,2153 2289,2153 2388,2150 2490,2150 2592,2150 2691,2150 2793,2147 2901,2147 2901,2100 2793,2100 2690,2103 2592,2103 2490,2103 2388,2103 2288,2106 2187,2106 2084,2109 1980,2109 1980,2156"/>
        <Baseline points="1980,2142 2085,2142 2187,2139 2289,2139 2388,2136 2490,2136 2592,2136 2691,2136 2793,2133 2901,2133"/>
        <TextEquiv conf="1.000">
          <Unicode>Frieden liebte und hiefür üblen Lohn fand. Der Ab-</Unicode>
        </TextEquiv>
      </TextLine>
      <TextLine id="266cb04a-6f54-4138-a15f-c83981c4bfec" index="44" custom="{&quot;heights&quot;: [33.2, 14.1]}">
        <Coords points="1980,2201 2085,2201 2187,2198 2289,2198 2388,2195 2490,2195 2592,2195 2691,2192 2793,2192 2901,2192 2901,2145 2793,2145 2691,2145 2591,2148 2490,2148 2388,2148 2288,2151 2187,2151 2084,2154 1980,2154 1980,2201"/>
        <Baseline points="1980,2187 2085,2187 2187,2184 2289,2184 2388,2181 2490,2181 2592,2181 2691,2178 2793,2178 2901,2178"/>
        <TextEquiv conf="1.000">
          <Unicode>scheu über das Attentat in Sarajevo und die ehr-</Unicode>
        </TextEquiv>
      </TextLine>
      <TextLine id="d7755a67-419b-4459-b830-afe1ed075ca4" index="45" custom="{&quot;heights&quot;: [33.3, 14.1]}">
        <Coords points="1980,2246 2085,2246 2187,2243 2289,2243 2388,2243 2490,2240 2592,2240 2691,2240 2793,2240 2901,2240 2901,2193 2793,2193 2691,2193 2592,2193 2490,2193 2387,2196 2289,2196 2187,2196 2084,2199 1980,2199 1980,2246"/>
        <Baseline points="1980,2232 2085,2232 2187,2229 2289,2229 2388,2229 2490,2226 2592,2226 2691,2226 2793,2226 2901,2226"/>
        <TextEquiv conf="1.000">
          <Unicode>furchtsvolle Sympathie für Se. Majestät den Kaiser</Unicode>
        </TextEquiv>
      </TextLine>
      <TextLine id="92680905-416e-43fc-a454-bd66190fe490" index="46" custom="{&quot;heights&quot;: [33.3, 13.9]}">
        <Coords points="2902,2241 2794,2238 2691,2238 2592,2238 2489,2241 2388,2241 2288,2244 2187,2244 2085,2244 1980,2244 1980,2291 2085,2291 2187,2291 2289,2291 2388,2288 2490,2288 2592,2285 2691,2285 2793,2285 2900,2288 2902,2241"/>
        <Baseline points="1980,2277 2085,2277 2187,2277 2289,2277 2388,2274 2490,2274 2592,2271 2691,2271 2793,2271 2900,2274"/>
        <TextEquiv conf="1.000">
          <Unicode>und König Franz Joseph sind um so stärker,</Unicode>
        </TextEquiv>
      </TextLine>
      <TextLine id="efec44a4-32ff-4955-88f0-51645bdb2c35" index="47" custom="{&quot;heights&quot;: [33.1, 13.7]}">
        <Coords points="1980,2336 2085,2336 2187,2336 2286,2336 2388,2333 2487,2333 2589,2333 2688,2330 2790,2333 2898,2333 2898,2286 2790,2286 2689,2283 2588,2286 2487,2286 2388,2286 2285,2289 2187,2289 2085,2289 1980,2289 1980,2336"/>
        <Baseline points="1980,2322 2085,2322 2187,2322 2286,2322 2388,2319 2487,2319 2589,2319 2688,2316 2790,2319 2898,2319"/>
        <TextEquiv conf="1.000">
          <Unicode>als Italien in Ihm mehr als einen Verbündeten hat,</Unicode>
        </TextEquiv>
      </TextLine>
      <TextLine id="cde2d739-97cf-4755-bda8-5edc52f76924" index="48" custom="{&quot;heights&quot;: [32.9, 13.8]}">
        <Coords points="1977,2370 1977,2384 2073,2381 2163,2381 2256,2381 2346,2381 2436,2381 2529,2378 2619,2378 2709,2378 2808,2375 2807,2328 2708,2331 2619,2331 2529,2331 2435,2334 2346,2334 2256,2334 2163,2334 2073,2334 1977,2337 1977,2370"/>
        <Baseline points="1977,2370 2073,2367 2163,2367 2256,2367 2346,2367 2436,2367 2529,2364 2619,2364 2709,2364 2808,2361"/>
        <TextEquiv conf="1.000">
          <Unicode>nämlich einen treuen und zuverlässigen Freund.</Unicode>
        </TextEquiv>
      </TextLine>
      <TextLine id="719bbf5f-2396-4cd4-95b6-0883716b00a6" index="49" custom="{&quot;heights&quot;: [32.5, 13.6]}">
        <Coords points="2010,2429 2112,2429 2211,2426 2310,2426 2406,2426 2505,2426 2604,2423 2700,2423 2799,2420 2904,2423 2905,2376 2800,2373 2699,2376 2604,2376 2504,2379 2406,2379 2310,2379 2211,2379 2111,2382 2010,2382 2010,2429"/>
        <Baseline points="2010,2415 2112,2415 2211,2412 2310,2412 2406,2412 2505,2412 2604,2409 2700,2409 2799,2406 2904,2409"/>
        <TextEquiv conf="1.000">
          <Unicode>Die gesamte Provinzpresse brandmarkt in</Unicode>
        </TextEquiv>
      </TextLine>
      <TextLine id="f08860ce-a02f-4f09-aed2-463ac58376d1" index="50" custom="{&quot;heights&quot;: [32.8, 13.5]}">
        <Coords points="1977,2473 2082,2473 2184,2473 2286,2473 2388,2470 2487,2470 2589,2467 2691,2467 2793,2467 2901,2467 2901,2421 2793,2421 2691,2421 2589,2421 2486,2424 2388,2424 2285,2427 2184,2427 2082,2427 1977,2427 1977,2473"/>
        <Baseline points="1977,2460 2082,2460 2184,2460 2286,2460 2388,2457 2487,2457 2589,2454 2691,2454 2793,2454 2901,2454"/>
        <TextEquiv conf="1.000">
          <Unicode>entschiedener Weise das schreckliche Verbrechen und gibt</Unicode>
        </TextEquiv>
      </TextLine>
      <TextLine id="19589e52-d579-4a1b-b887-524966e6b62e" index="51" custom="{&quot;heights&quot;: [33.3, 13.6]}">
        <Coords points="1977,2519 2082,2522 2184,2519 2286,2519 2388,2516 2487,2516 2589,2513 2691,2513 2793,2513 2901,2513 2901,2466 2793,2466 2691,2466 2589,2466 2486,2469 2388,2469 2285,2472 2184,2472 2081,2475 1978,2472 1977,2505 1977,2519"/>
        <Baseline points="1977,2505 2082,2508 2184,2505 2286,2505 2388,2502 2487,2502 2589,2499 2691,2499 2793,2499 2901,2499"/>
        <TextEquiv conf="1.000">
          <Unicode>ihrer tiefen Teilnahme für den erlauchten Monarchen</Unicode>
        </TextEquiv>
      </TextLine>
      <TextLine id="c609f980-4bd1-453d-825a-6ef30b3cd09a" index="52" custom="{&quot;heights&quot;: [33.9, 13.0]}">
        <Coords points="1977,2566 2438,2562 2487,2560 2589,2560 2591,2560 2741,2559 2793,2557 2899,2557 2901,2557 2901,2510 2793,2510 2690,2513 2589,2513 2487,2513 2387,2516 2286,2516 2183,2519 2082,2519 1977,2519 1977,2566"/>
        <Baseline points="1977,2553 2082,2553 2184,2553 2286,2550 2388,2550 2487,2547 2589,2547 2691,2547 2793,2544 2901,2544"/>
        <TextEquiv conf="1.000">
          <Unicode>und die Bevölkerung der Nachbarmonarchie Ausdruck.</Unicode>
        </TextEquiv>
      </TextLine>
    </TextRegion>
    <TextRegion id="b9ec2bf3-05af-41dc-8597-01a6430a74ff">
      <Coords points="2144,2752 2058,2752 2058,2804 2808,2795 2808,2743 2718,2743 2595,2631 2298,2637 2226,2749 2144,2752"/>
      <TextLine id="baf8b6bf-249e-43c5-9073-915b95737ac1" index="0" custom="{&quot;heights&quot;: [48.3, 16.4]}">
        <Coords points="2485,2633 2477,2634 2459,2634 2391,2635 2369,2637 2337,2637 2314,2637 2298,2637 2298,2701 2337,2701 2374,2701 2409,2698 2445,2698 2482,2698 2517,2695 2553,2695 2595,2695 2595,2631 2485,2633"/>
        <Baseline points="2298,2685 2337,2685 2373,2685 2409,2682 2445,2682 2481,2682 2517,2679 2553,2679 2595,2679"/>
        <TextEquiv conf="1.000">
          <Unicode>Telegramme</Unicode>
        </TextEquiv>
      </TextLine>
      <TextLine id="dd9a1d42-a8c1-4b1d-beb4-1229018e3ae5" index="1" custom="{&quot;heights&quot;: [34.3, 11.6]}">
        <Coords points="2403,2745 2469,2745 2469,2699 2403,2699 2403,2745"/>
        <Baseline points="2403,2733 2469,2733"/>
        <TextEquiv conf="1.000">
          <Unicode>des</Unicode>
        </TextEquiv>
      </TextLine>
      <TextLine id="46fbfd63-e4f8-4bce-91a6-fde943bdd699" index="2" custom="{&quot;heights&quot;: [38.2, 13.9]}">
        <Coords points="2058,2752 2058,2804 2065,2804 2184,2802 2226,2801 2310,2801 2315,2801 2428,2800 2472,2798 2556,2798 2565,2798 2672,2797 2718,2795 2808,2795 2808,2743 2718,2743 2718,2743 2636,2746 2556,2746 2472,2746 2390,2749 2310,2749 2226,2749 2226,2749 2144,2752 2058,2752"/>
        <Baseline points="2058,2790 2145,2790 2226,2787 2310,2787 2391,2787 2472,2784 2556,2784 2637,2784 2718,2781 2808,2781"/>
        <TextEquiv conf="1.000">
          <Unicode>Telegraphen-Korrespondenz-Bureaus.</Unicode>
        </TextEquiv>
      </TextLine>
    </TextRegion>
    <TextRegion id="b6816b49-5363-448c-85ce-31491ff8a92f">
      <Coords points="1977,3301 1977,3394 2109,3394 2184,3350 2895,3338 2901,3202 2897,2972 2849,2871 2661,2874 2595,2812 2271,2818 2202,2880 2016,2880 2013,2932 1977,3027 1977,3301"/>
      <TextLine id="5f3ed665-2e65-4f87-9ae3-8949f4f8618a" index="0" custom="{&quot;heights&quot;: [40.8, 15.2]}">
        <Coords points="2544,2813 2516,2815 2484,2815 2451,2815 2424,2815 2276,2818 2271,2818 2275,2874 2313,2871 2346,2871 2382,2871 2415,2871 2451,2871 2484,2871 2521,2871 2553,2868 2595,2868 2595,2812 2586,2812 2544,2813"/>
        <Baseline points="2274,2859 2313,2856 2346,2856 2382,2856 2415,2856 2451,2856 2484,2856 2520,2856 2553,2853 2595,2853"/>
        <TextEquiv conf="1.000">
          <Unicode>Deutsches Reich.</Unicode>
        </TextEquiv>
      </TextLine>
      <TextLine id="63f231c8-958b-49cd-82bd-bc8e130e1aab" index="1" custom="{&quot;heights&quot;: [35.9, 13.7]}">
        <Coords points="2016,2930 2112,2930 2202,2930 2295,2930 2385,2927 2478,2927 2568,2927 2661,2924 2751,2924 2850,2921 2849,2871 2750,2874 2661,2874 2567,2877 2478,2877 2385,2877 2294,2880 2202,2880 2112,2880 2016,2880 2016,2930"/>
        <Baseline points="2016,2916 2112,2916 2202,2916 2295,2916 2385,2913 2478,2913 2568,2913 2661,2910 2751,2910 2850,2907"/>
        <TextEquiv conf="1.000">
          <Unicode>Der Wehrbeitrag der Ausländer.</Unicode>
        </TextEquiv>
      </TextLine>
      <TextLine id="79740992-ca46-4384-9226-432dd11952fc" index="2" custom="{&quot;heights&quot;: [35.3, 13.6]}">
        <Coords points="2013,2932 2013,2981 2055,2981 2094,2981 2133,2981 2171,2981 2211,2984 2251,2984 2289,2981 2328,2981 2373,2981 2373,2932 2328,2932 2289,2932 2247,2935 2211,2935 2175,2932 2133,2932 2094,2932 2055,2932 2013,2932 2013,2932"/>
        <Baseline points="2013,2967 2055,2967 2094,2967 2133,2967 2172,2967 2211,2970 2250,2970 2289,2967 2328,2967 2373,2967"/>
        <TextEquiv conf="1.000">
          <Unicode>Berlin, 28. Juni.</Unicode>
        </TextEquiv>
      </TextLine>
      <TextLine id="2e728cb9-dd44-45e4-aed0-7e1213135272" index="3" custom="{&quot;heights&quot;: [34.1, 13.1]}">
        <Coords points="2897,2972 2897,2972 2792,2975 2697,2975 2601,2975 2504,2978 2406,2978 2309,2981 2214,2981 2118,2981 2016,2981 2016,3028 2118,3028 2214,3028 2310,3028 2406,3025 2505,3025 2601,3022 2697,3022 2793,3022 2898,3019 2897,2972"/>
        <Baseline points="2016,3015 2118,3015 2214,3015 2310,3015 2406,3012 2505,3012 2601,3009 2697,3009 2793,3009 2898,3006"/>
        <TextEquiv conf="1.000">
          <Unicode>Der russische Botschafter Swerbejew</Unicode>
        </TextEquiv>
      </TextLine>
      <TextLine id="aa994ad1-a19a-43ce-80f0-e034b6f597a7" index="4" custom="{&quot;heights&quot;: [33.4, 13.1]}">
        <Coords points="1977,3027 1977,3073 2082,3073 2184,3073 2286,3073 2385,3070 2487,3070 2589,3067 2688,3067 2790,3067 2898,3064 2897,3018 2789,3021 2688,3021 2589,3021 2486,3024 2385,3024 2285,3027 2184,3027 2082,3027 1977,3027 1977,3027"/>
        <Baseline points="1977,3060 2082,3060 2184,3060 2286,3060 2385,3057 2487,3057 2589,3054 2688,3054 2790,3054 2898,3051"/>
        <TextEquiv conf="1.000">
          <Unicode>übermittelte heute dem Auswärtigen Amte die</Unicode>
        </TextEquiv>
      </TextLine>
      <TextLine id="946bd814-6ba0-4357-a3b7-b8ec4f51c9d1" index="5" custom="{&quot;heights&quot;: [33.6, 13.3]}">
        <Coords points="1977,3118 2082,3121 2184,3118 2286,3118 2385,3115 2487,3115 2589,3112 2688,3112 2790,3112 2898,3109 2897,3062 2789,3065 2688,3065 2589,3065 2486,3068 2385,3068 2285,3071 2184,3071 2081,3074 1978,3071 1977,3105 1977,3118"/>
        <Baseline points="1977,3105 2082,3108 2184,3105 2286,3105 2385,3102 2487,3102 2589,3099 2688,3099 2790,3099 2898,3096"/>
        <TextEquiv conf="1.000">
          <Unicode>Antwortnote der russischen Regierung auf den</Unicode>
        </TextEquiv>
      </TextLine>
      <TextLine id="2bea2bb3-2686-4909-ac1c-eb9dd3d08ae2" index="6" custom="{&quot;heights&quot;: [33.7, 13.3]}">
        <Coords points="1977,3166 2082,3166 2184,3163 2286,3163 2385,3163 2487,3160 2589,3160 2688,3157 2790,3157 2898,3157 2898,3110 2790,3110 2688,3110 2588,3113 2487,3113 2384,3116 2286,3116 2184,3116 2081,3119 1977,3119 1977,3166"/>
        <Baseline points="1977,3153 2082,3153 2184,3150 2286,3150 2385,3150 2487,3147 2589,3147 2688,3144 2790,3144 2898,3144"/>
        <TextEquiv conf="1.000">
          <Unicode>ablehnenden Bescheid der deutschen Reichsregierung</Unicode>
        </TextEquiv>
      </TextLine>
      <TextLine id="46be709e-b551-4787-842f-deb69e372bb4" index="7" custom="{&quot;heights&quot;: [33.8, 13.3]}">
        <Coords points="2901,3202 2900,3155 2793,3155 2690,3158 2589,3158 2487,3158 2387,3161 2286,3161 2184,3161 2081,3164 1977,3164 1977,3211 2082,3211 2184,3208 2286,3208 2388,3208 2487,3205 2589,3205 2691,3205 2793,3202 2901,3202 2901,3202"/>
        <Baseline points="1977,3198 2082,3198 2184,3195 2286,3195 2388,3195 2487,3192 2589,3192 2691,3192 2793,3189 2901,3189"/>
        <TextEquiv conf="1.000">
          <Unicode>betreffend die Befreiung der in Deutschland ansässigen</Unicode>
        </TextEquiv>
      </TextLine>
      <TextLine id="e3627656-4545-43b3-9d0a-e46bbc326e52" index="8" custom="{&quot;heights&quot;: [33.5, 13.2]}">
        <Coords points="1980,3256 2085,3256 2187,3256 2286,3256 2388,3253 2487,3253 2589,3250 2688,3250 2790,3247 2898,3247 2898,3200 2790,3200 2687,3203 2589,3203 2486,3206 2388,3206 2285,3209 2187,3209 2085,3209 1980,3209 1980,3256"/>
        <Baseline points="1980,3243 2085,3243 2187,3243 2286,3243 2388,3240 2487,3240 2589,3237 2688,3237 2790,3234 2898,3234"/>
        <TextEquiv conf="1.000">
          <Unicode>russischen Staatsangehörigen vom Wehrbeitrage. Wie</Unicode>
        </TextEquiv>
      </TextLine>
      <TextLine id="24a4c959-5bbe-4fff-84cf-96fe3954129f" index="9" custom="{&quot;heights&quot;: [33.4, 13.4]}">
        <Coords points="1977,3301 2082,3304 2184,3301 2283,3301 2385,3298 2484,3298 2586,3295 2685,3295 2787,3295 2895,3295 2895,3249 2787,3249 2685,3249 2586,3249 2483,3252 2385,3252 2282,3255 2184,3255 2081,3258 1978,3255 1977,3288 1977,3301 1977,3301"/>
        <Baseline points="1977,3288 2082,3291 2184,3288 2283,3288 2385,3285 2484,3285 2586,3282 2685,3282 2787,3282 2895,3282"/>
        <TextEquiv conf="1.000">
          <Unicode>verlautet, schlägt Rußland in der Antwortnote vor,</Unicode>
        </TextEquiv>
      </TextLine>
      <TextLine id="bc2e4b20-ef34-4914-8cff-4410cdf28751" index="10" custom="{&quot;heights&quot;: [34.2, 13.6]}">
        <Coords points="1977,3347 2082,3350 2184,3350 2283,3347 2384,3347 2387,3347 2484,3344 2561,3344 2618,3343 2685,3341 2739,3341 2862,3339 2895,3338 2895,3333 2894,3290 2786,3293 2685,3293 2585,3296 2484,3296 2384,3299 2283,3299 2183,3302 2082,3302 1978,3299 1977,3333 1977,3347"/>
        <Baseline points="1977,3333 2082,3336 2184,3336 2283,3333 2385,3333 2484,3330 2586,3330 2685,3327 2787,3327 2895,3324"/>
        <TextEquiv conf="1.000">
          <Unicode>die Frage dem Haager Schiedsgerichte zu unter-</Unicode>
        </TextEquiv>
      </TextLine>
      <TextLine id="f82e9ebb-0724-4427-a46c-0b78cb4beff0" index="11" custom="{&quot;heights&quot;: [34.6, 13.0]}">
        <Coords points="1977,3394 2109,3394 2109,3346 2061,3346 2022,3346 1977,3346 1977,3394"/>
        <Baseline points="1977,3381 2022,3381 2061,3381 2109,3381"/>
        <TextEquiv conf="1.000">
          <Unicode>breiten.</Unicode>
        </TextEquiv>
      </TextLine>
    </TextRegion>
    <TextRegion id="76d09070-f6aa-440e-9b8a-25047704c64d">
      <Coords points="2016,3553 1974,3648 1978,3788 2634,3782 2685,3736 2895,3736 2894,3594 2766,3496 2616,3496 2517,3433 2352,3440 2262,3499 2115,3502 2016,3553"/>
      <TextLine id="0fa0a251-0e26-4f5d-965e-66b0e92a7964" index="0" custom="{&quot;heights&quot;: [40.6, 14.1]}">
        <Coords points="2433,3437 2433,3437 2433,3437 2352,3440 2356,3494 2397,3491 2437,3491 2472,3488 2517,3488 2517,3433 2507,3433 2433,3437"/>
        <Baseline points="2355,3480 2397,3477 2436,3477 2472,3474 2517,3474"/>
        <TextEquiv conf="1.000">
          <Unicode>Italien.</Unicode>
        </TextEquiv>
      </TextLine>
      <TextLine id="f5a4569e-461a-4ca8-94c9-8acab5d62eb6" index="1" custom="{&quot;heights&quot;: [35.0, 12.9]}">
        <Coords points="2616,3496 2616,3496 2547,3496 2475,3496 2402,3499 2334,3499 2262,3499 2262,3499 2260,3499 2189,3502 2117,3502 2115,3502 2115,3550 2191,3550 2262,3547 2334,3547 2404,3547 2475,3544 2547,3544 2616,3544 2688,3544 2766,3544 2766,3496 2616,3496"/>
        <Baseline points="2115,3537 2190,3537 2262,3534 2334,3534 2403,3534 2475,3531 2547,3531 2616,3531 2688,3531 2766,3531"/>
        <TextEquiv conf="1.000">
          <Unicode>Die Administrativwahlen.</Unicode>
        </TextEquiv>
      </TextLine>
      <TextLine id="dac8567a-b6eb-45ff-8a9e-7bb7c6f54365" index="2" custom="{&quot;heights&quot;: [34.8, 13.4]}">
        <Coords points="2016,3601 2055,3601 2088,3601 2121,3601 2154,3601 2190,3601 2223,3601 2256,3601 2290,3601 2332,3598 2329,3550 2287,3553 2256,3553 2223,3553 2190,3553 2154,3553 2121,3553 2088,3553 2055,3553 2016,3553 2016,3601"/>
        <Baseline points="2016,3588 2055,3588 2088,3588 2121,3588 2154,3588 2190,3588 2223,3588 2256,3588 2289,3588 2331,3585"/>
        <TextEquiv conf="1.000">
          <Unicode>Rom, 28. Juni.</Unicode>
        </TextEquiv>
      </TextLine>
      <TextLine id="8747af14-5dff-49e6-a29c-1f011d0ea43f" index="3" custom="{&quot;heights&quot;: [33.5, 13.0]}">
        <Coords points="2894,3594 2893,3594 2789,3597 2694,3596 2598,3596 2501,3600 2406,3599 2310,3599 2214,3599 2117,3603 2016,3602 2016,3649 2118,3649 2214,3646 2310,3646 2406,3646 2502,3646 2598,3643 2694,3643 2790,3643 2894,3640 2894,3594"/>
        <Baseline points="2016,3636 2118,3636 2214,3633 2310,3633 2406,3633 2502,3633 2598,3630 2694,3630 2790,3630 2894,3627"/>
        <TextEquiv conf="1.000">
          <Unicode>In mehreren Städten fanden heute die Administrativ-</Unicode>
        </TextEquiv>
      </TextLine>
      <TextLine id="7ef4ad5e-575c-4abc-b272-cdb97ca85644" index="4" custom="{&quot;heights&quot;: [33.3, 13.1]}">
        <Coords points="1974,3648 1975,3694 2079,3694 2181,3694 2283,3691 2385,3691 2484,3691 2586,3691 2688,3691 2790,3688 2895,3688 2894,3642 2790,3642 2687,3645 2586,3645 2484,3645 2385,3645 2283,3645 2180,3648 2079,3648 1974,3648 1974,3648"/>
        <Baseline points="1975,3681 2079,3681 2181,3681 2283,3678 2385,3678 2484,3678 2586,3678 2688,3678 2790,3675 2895,3675"/>
        <TextEquiv conf="1.000">
          <Unicode>wahlen nach dem allgemeinen Stimmrecht statt. In</Unicode>
        </TextEquiv>
      </TextLine>
      <TextLine id="575d6ded-7c9d-46eb-bd13-311954aab79d" index="5" custom="{&quot;heights&quot;: [33.9, 13.4]}">
        <Coords points="2685,3736 2895,3736 2895,3689 2787,3689 2685,3689 2586,3689 2484,3689 2385,3689 2282,3692 2184,3692 2082,3692 1977,3692 1977,3739 2082,3739 2184,3739 2283,3739 2385,3736 2484,3736 2586,3736 2685,3736 2685,3736"/>
        <Baseline points="1977,3726 2082,3726 2184,3726 2283,3726 2385,3723 2484,3723 2586,3723 2685,3723 2787,3723 2895,3723"/>
        <TextEquiv conf="1.000">
          <Unicode>Venedig und Bergamo hat, wie es scheint,</Unicode>
        </TextEquiv>
      </TextLine>
      <TextLine id="edd064a7-3189-497f-9dfa-7b3b20a7545d" index="6" custom="{&quot;heights&quot;: [35.1, 13.7]}">
        <Coords points="1978,3788 2052,3785 2124,3785 2196,3785 2268,3785 2336,3785 2342,3785 2412,3782 2484,3782 2556,3782 2634,3782 2634,3733 2556,3733 2484,3733 2412,3733 2339,3736 2268,3736 2196,3736 2124,3736 2052,3736 1977,3739 1978,3788"/>
        <Baseline points="1978,3774 2052,3771 2124,3771 2196,3771 2268,3771 2340,3771 2412,3768 2484,3768 2556,3768 2634,3768"/>
        <TextEquiv conf="1.000">
          <Unicode>die konstitutionell-klerikale Liste gesiegt.</Unicode>
        </TextEquiv>
      </TextLine>
    </TextRegion>
    <TextRegion id="f7bcc207-9fff-4fc5-ad72-c07873d318ee">
      <Coords points="1977,3970 1977,4204 2442,4204 2505,4156 2898,4153 2894,3912 2585,3918 2529,3854 2341,3857 2282,3921 1976,3921 1977,3970"/>
      <TextLine id="c859d036-ce7a-42fc-90e6-d64178186f43" index="0" custom="{&quot;heights&quot;: [39.9, 14.2]}">
        <Coords points="2344,3857 2341,3857 2341,3858 2344,3911 2391,3908 2436,3908 2478,3908 2529,3908 2529,3854 2525,3854 2344,3857"/>
        <Baseline points="2343,3897 2391,3894 2436,3894 2478,3894 2529,3894"/>
        <TextEquiv conf="1.000">
          <Unicode>Rußland.</Unicode>
        </TextEquiv>
      </TextLine>
      <TextLine id="5012bccb-647c-49e0-881f-03bbd9f79db5" index="1" custom="{&quot;heights&quot;: [35.5, 13.2]}">
        <Coords points="2894,3912 2786,3915 2714,3915 2631,3917 2585,3918 2484,3918 2385,3918 2282,3921 2184,3921 2168,3921 1994,3921 1976,3921 1976,3925 1977,3970 2082,3967 2184,3970 2283,3970 2385,3967 2484,3967 2586,3967 2685,3964 2787,3964 2895,3961 2894,3912"/>
        <Baseline points="1977,3957 2082,3954 2184,3957 2283,3957 2385,3954 2484,3954 2586,3954 2685,3951 2787,3951 2895,3948"/>
        <TextEquiv conf="1.000">
          <Unicode>Grundsteinlegung für eine Geschütz-</Unicode>
        </TextEquiv>
      </TextLine>
      <TextLine id="cb6c37d8-d6ab-479f-b1fd-6355adea81cd" index="2" custom="{&quot;heights&quot;: [34.6, 13.2]}">
        <Coords points="2353,4015 2397,4012 2439,4012 2478,4012 2526,4012 2526,3964 2478,3964 2439,3964 2397,3964 2350,3967 2353,4015"/>
        <Baseline points="2352,4002 2397,3999 2439,3999 2478,3999 2526,3999"/>
        <TextEquiv conf="0.998">
          <Unicode>fabrik.</Unicode>
        </TextEquiv>
      </TextLine>
      <TextLine id="34b5bc43-3d66-4f62-833d-fb20fffe2132" index="3" custom="{&quot;heights&quot;: [34.4, 13.3]}">
        <Coords points="2896,4010 2791,4016 2697,4016 2600,4019 2505,4019 2409,4019 2313,4019 2217,4019 2120,4022 2018,4025 2019,4072 2121,4069 2217,4066 2313,4066 2409,4066 2505,4066 2601,4066 2697,4063 2794,4063 2896,4057 2896,4010"/>
        <Baseline points="2019,4059 2121,4056 2217,4053 2313,4053 2409,4053 2505,4053 2601,4053 2697,4050 2793,4050 2896,4044"/>
        <TextEquiv conf="1.000">
          <Unicode>Zarizyn, 27. Juni. (Meldung der St. Peters-</Unicode>
        </TextEquiv>
      </TextLine>
      <TextLine id="0d1b9f44-b7cb-49db-a353-1451d7116d03" index="4" custom="{&quot;heights&quot;: [33.7, 13.2]}">
        <Coords points="1977,4114 2035,4114 2088,4111 2142,4111 2196,4111 2253,4111 2307,4111 2361,4111 2416,4111 2479,4108 2476,4061 2413,4064 2361,4064 2307,4064 2253,4064 2196,4064 2142,4064 2088,4064 2032,4067 1977,4067 1977,4114"/>
        <Baseline points="1977,4101 2034,4101 2088,4098 2142,4098 2196,4098 2253,4098 2307,4098 2361,4098 2415,4098 2478,4095"/>
        <TextEquiv conf="1.000">
          <Unicode>burger Telegraphen-Agentur.)</Unicode>
        </TextEquiv>
      </TextLine>
      <TextLine id="c8ca4f54-682f-4640-8837-52a76fa92f1e" index="5" custom="{&quot;heights&quot;: [33.8, 13.3]}">
        <Coords points="2505,4156 2898,4153 2897,4122 2897,4106 2792,4109 2697,4109 2600,4112 2506,4109 2409,4109 2313,4109 2217,4109 2120,4112 2019,4112 2019,4159 2121,4159 2217,4156 2313,4156 2409,4156 2505,4156 2505,4156 2505,4156"/>
        <Baseline points="2019,4146 2121,4146 2217,4143 2313,4143 2409,4143 2505,4143 2601,4146 2697,4143 2793,4143 2898,4140"/>
        <TextEquiv conf="1.000">
          <Unicode>Heute hat hier die Grundsteinlegung für eine</Unicode>
        </TextEquiv>
      </TextLine>
      <TextLine id="d2cd7746-d52b-4d2f-94dc-93e409159d03" index="6" custom="{&quot;heights&quot;: [34.2, 13.4]}">
        <Coords points="1977,4204 2442,4204 2442,4157 2385,4157 2334,4157 2283,4157 2232,4157 2184,4157 2133,4157 2082,4157 2031,4157 1977,4157 1977,4204"/>
        <Baseline points="1977,4191 2031,4191 2082,4191 2133,4191 2184,4191 2232,4191 2283,4191 2334,4191 2385,4191 2442,4191"/>
        <TextEquiv conf="1.000">
          <Unicode>Geschützfabrik stattgefunden.</Unicode>
        </TextEquiv>
      </TextLine>
    </TextRegion>
  </Page>
</PcGts>
