2991 4382
123 242 1007 291 Die „Reichspost“ schreibt, das Ungeheuerliche
80 288 1007 339 sei nicht zu fassen. Abermals habe ein schweres
87 333 1007 381 Schicksal die Habsburger-Monarchie betroffen, kein
80 377 1007 429 menschliches Weh habe Se. Majestät den Kaiser
81 422 1005 474 verschont. Der aber auch jetzt der Mann restloser Pflicht-
81 471 1005 519 erfüllung ist. Nun ist der durchlauchtigste Erzherzog
80 516 1005 564 von Mörderhand gefallen, und neben ihm ruht seine
80 561 1005 612 treue Lebensgefährtin, die der Tod ereilt hat, weil
81 609 1005 657 sie dem Herzen des edelmütigen und hochsinnigen
81 654 1002 702 Fürstensprossen die nächste gewesen. Aber mit Erz-
81 699 1005 747 herzog Franz Ferdinand ist seine große Idee
81 744 1005 792 nicht vernichtet worden. Enger denn je werden sich
81 789 1005 837 die Völker der Monarchie um den erhabenen Thron
81 833 1005 882 der Habsburger scharen. Die Schüsse von Sarajevo
81 878 1005 927 werden uns an die Pflicht gemahnen, mit vollem
81 926 906 972 Einsatze den Zielen des Gemordeten zuzustreben.
126 989 996 1038 Die „Österreichische Volks-Zeitung“
84 1038 1008 1083 führt aus, ein edler kaiserlicher Prinz, verehrt von
82 1083 1008 1128 der Bevölkerung des weiten Reiches, ausgerüstet mit
81 1128 1006 1176 den schönsten Herrschertugenden, ist dahingegangen,
81 1173 1005 1221 niedergestreckt von der Kugel eines Ruchlosen, der
80 1218 1008 1266 sicher nicht allein für seine Tat verantwortlich gemacht
79 1263 1005 1311 werden kann, denn das mißglückte Bombenattentat
78 1308 1008 1356 und die schreckliche Mordtat bilden eine Kette, deren
80 1353 1008 1404 Zusammenhang nicht zu lösen sei. Menschlich aufs
81 1398 1008 1446 tiefste erschütternd sei der Tod der Herzogin von
81 1446 1008 1494 Hohenberg. Mit den Hoffnungen des Reiches ist
81 1491 1008 1539 zugleich ein ungetrübtes glückliches Familienleben
79 1536 1008 1584 vernichtet worden. Se. Majestät, unser viel geprüfter
81 1581 1005 1629 edler Kaiser, Der in Seiner Krone des Leides
80 1626 1005 1677 mehr trägt, als je einem Herrscher aufgebürdet ge-
84 1674 1008 1719 wesen, wird in der strengen Pflichterfüllung Seine
81 1719 1005 1767 Tröstung finden. Aber um so inniger und fester müssen
81 1764 1005 1812 sich Seine Völker um den Monarchen scharen, und das
81 1809 1005 1857 kostbare Gut dieses teuren Lebens kommt uns mehr
81 1854 1005 1902 denn je zum Bewußtsein, da uns eine Mörderhand
84 1902 1005 1950 eine so furchtbare unverwindbare Wunde geschlagen
84 1951 165 1995 hat.
129 2001 1006 2051 Das „Neuigkeits-Welt-Blatt“ erklärt,
84 2046 1008 2094 es sei schwer, unter dem ersten Eindrucke der in ihren
83 2094 1008 2142 Folgen heute noch nicht übersehbaren fürchterlichen
84 2139 1008 2187 Ereignisse kaltes Blut zu bewahren. Das serbische
84 2184 1008 2228 Volk in Bosnien und der Hereegovina, das in den
84 2229 1008 2277 letzten Jahren untadelhafte Beweise kaisertreuen
84 2274 1008 2322 Fühlens und aufrichtiger Loyalität gegeben, sei für
84 2319 1008 2367 die ungeheuerliche Tat nicht verantwortlich zu
84 2364 1008 2412 machen. Daneben aber sei eine abscheuliche hoch-
83 2412 1008 2460 verräterische Agitation gelaufen, die nunmehr durch
83 2457 1008 2505 die verruchte Bluttut vor aller Welt in die
84 2502 1008 2550 beklagenswerteste Erscheinung getreten sei. Mit einem
84 2547 1008 2595 Aufschrei der Entrüstung haben alle Völkerschaften der
83 2592 1008 2643 Monarchie wie ganz Europas die Kunde von dem
84 2640 1008 2688 grauenhaften Attentat aufgenommen. Zwei blühende
84 2682 1008 2733 Menschenleben, umgeben von Liebe und Verehrung
84 2730 1008 2778 der ganzen Bevölkerung, sind durch die frevlerische
84 2775 1008 2823 Tat eines Mörders dahingerafft, und Österreich ist um
84 2817 1008 2868 eine große Hoffnung ärmer, die sich an die über-
84 2865 1008 2916 ragende Persönlichkeit Sr. k. und k. Hoheit als
85 2913 1008 2961 Militärs- und Staatsmannes geknüpft hat. Aller Augen
85 2958 1008 3006 aber richten sich in diesem Augenblick auf Se. Majestät
85 3003 1008 3051 den Kaiser, Der mit jenem Pflichtgefühle, das
85 3048 1005 3096 diesem unvergleichlichen Herrscher zur zweiten Natur ge-
85 3093 1005 3144 worden, sofort die Rückkehr angeordnet hat. Das un-
86 3138 1005 3189 erschütterliche Gottvertrauen und die christliche Demut,
86 3185 1005 3234 die Sr. Majestät Kaiser Franz Joseph
86 3230 1005 3279 über alle schweren Prüfungen seines Lebens hinweg-
86 3275 1008 3327 geholfen haben, werden Ihm auch helfen, diesen
87 3320 1008 3372 Schicksalsschlag zu verwinden. Die Liebe und Treue
87 3368 780 3417 aller Seiner Völker werden Ihn stützen.
131 3428 1008 3480 Das „Neue Wiener Journal“ schreibt,
87 3471 1008 3525 ungeheuren politischen Aufgaben sei der Herr Erz-
87 3519 1008 3570 herzog auf der Höhe der Lebenskraft durch ruchlose
86 3561 1008 3618 Mörderhand entrissen worden. Eine hochragende Er-
86 3609 1008 3663 scheinung in scharf ausgeprägten Charakterzügen, ein
85 3657 1008 3708 starker Mann von eisernem Willen, ist er in den
85 3699 1008 3753 letzten Jahren immer mehr in der Eigenschaft eines
85 3744 1008 3798 Stellvertreters des Obersten Kriegsherrn hervor-
86 3789 1008 3846 getreten. Nicht nur eine vieljährige Freund-
87 3837 1008 3891 schaft, auch sein ausgesprochenes Interesse für die
87 3881 1008 3936 Marine hat ihn Sr. Majestät Kaiser Wilhelm be-
84 3927 1008 3981 sonders nahegebracht. Nun sind alle Hoffnungen eines
84 3975 1008 4026 von Vaterlandsliebe erfüllten, hochstrebenden Sinnes
84 4019 1006 4071 vernichtet. Aber ungebrochen, wenn auch tiefgebeugt,
83 4065 1008 4119 ragt als Symbol der Habsburger Monarchie die
87 4109 1008 4164 ehrfurchtgebietende Gestalt Sr. Majestät des Kaisers
87 4154 1008 4209 empor. Möge Seine Kraft und Weisheit trotz alles
87 4202 1008 4254 Leides und aller Schicksalsschläge uns bis an das
90 4247 1008 4299 äußerste Ziel eines menschlichen Daseins erhalten
1029 132 1953 180 bleiben und sich auf den neuen Thronfolger weiter
1026 180 1191 225 vererben.
1071 224 1952 270 Das „Deutsche Volksblatt“ äußert die
1029 269 1952 318 Meinung, daß die ruchlose Tat mit jenen Kreisen in
1029 315 1952 363 Verbindung stehe, die Österreich-Ungarn seit der
1029 360 1950 408 Annexion mit ihrem leidenschaftlichen Hasse verfolgen,
1029 408 1950 453 und daß dieser Bluttat ausschließlich politische Motive
1028 452 1947 501 zu Grunde liegen. Das Attentat sollte der stärkste Trumpf
1028 498 1950 546 sein, der von einer Politik des Hasses ausgespielt
1029 543 1950 591 wurde. Der Persönlichkeit des Herrn Erzherzogs in
1029 588 1950 636 dieser Stunde gerecht zu werden, sei unmöglich, aber
1029 633 1950 681 das Eine dürfe gesagt werden, daß der edle Ver-
1029 681 1950 726 blichene ein in sich abgeschlossener Charakter, eine
1031 723 1949 774 feste Individualität, ein zielbewußter Mann von aus-
1029 771 1949 819 geprägtem Willen gewesen ist. Mit einem aus dem
1029 816 1949 864 tiefinnersten Herzen kommenden Mitgefühl blicke man
1029 861 1949 909 auf Se. Majestät den Kaiser, Dem nichts erspart
1028 906 1948 954 bleibe, was das Leben an Hartem und Grausamem
1028 953 1305 1002 verhängen kann.
1068 1004 1948 1056 Die „Arbeiter-Zeitung“ hebt die un-
1029 1053 1948 1101 gemein starke Willenskraft des verewigten Erzherzogs
1029 1098 1947 1146 hervor und sagt, daß dem Mordanschlage serbisch-
1029 1143 1947 1191 nationalistische Motive zu Grunde liegen, leuchte vor-
1029 1188 1947 1236 weg ein; welchen Umfang die Vorbereitung zu dem
1029 1233 1947 1281 Mord angenommen hatte, sei zwar noch nicht sicher
1031 1282 1947 1329 gestellt, aber daß zwei Attentate nebeneinander nicht
1032 1326 1947 1371 zufällig entstehen konnten, sei selbstverständlich. Das
1030 1372 1947 1419 Blatt bemerkt: Wie wir Sozialdemokraten aus
1032 1420 1947 1464 prinzipiellen und aus menschlicher Gründen Gegner
1031 1462 1947 1512 jeder schnöden Gewalttat sind und den Mord, der
1031 1509 1947 1557 sich das grause Handwerk der Vernichtung anmaßt,
1030 1554 1947 1602 rückhaltlos verdammen, so können wir auch diesen
1030 1599 1947 1647 unbegreiflichen und grausamen Mord nur mit un-
1031 1644 1947 1692 beugsamer Verurteilung der entsetzlichen Tat ver-
1031 1689 1947 1737 zeichnen. Und daß die Freveltat, die in politisch-
1031 1737 1947 1782 nationalen Beweggründen ihren Ursprung hat, nicht
1032 1782 1947 1826 bloß den Mann getroffen, der neben dem Kaiser
1031 1827 1947 1875 das ragende Haupt der Dynastie war, sondern auch
1031 1875 1947 1920 dessen Frau, die auf die Manöverfahrt nur den Gatten
1032 1920 1947 1964 begleitet hatte, verstärkt den Eindruck, der von dem
1032 1965 1434 2012 Morde vorweg ausgeht.
1067 2012 1947 2061 Die „Sonn- und Montags-Zeitung“ erklärt,
1032 2055 1947 2106 treue Liebe, unerschütterliche Anhänglichkeit und
1032 2100 1947 2151 innigste Verehrung aller Völker und Stämme des
1032 2148 1947 2196 Reiches, die gerade in den schwersten Tagen am
1032 2193 1947 2241 deutlichsten in Erscheinung tritt, mögen Sr. Ma-
1035 2238 1947 2285 jestät dem Kaiser auch diesmal die Kraft
1033 2286 1947 2331 geben, den Schicksalsschlag mit übermenschlicher
1035 2328 1947 2379 Stärke zu ertragen. Angesichts dieses schänd-
1033 2376 1947 2423 lichen Verbrechens des nationalen Fanatismus ist
1033 2421 1947 2469 es unmöglich, die Quelle der Untat zu verschweigen.
1033 2466 1947 2513 Ihr Ursprung ist in planmäßiger nationaler Hetze zu
1033 2511 1947 2559 suchen. Aber das Herrscherhaus und die Monarchie haben
1033 2559 1947 2604 in den schwersten Prüfungen standgehalten, und auch
1032 2601 1947 2649 das Verbrechen von Sarajevo kann an der Wider-
1032 2649 1947 2697 standskraft des Reiches nichts ändern. Mit der
1032 2694 1947 2741 ganzen Energie und Kraft seines Wesens wendete
1032 2739 1947 2787 sich der durchlauchtigste Erzherzog Franz Fer-
1032 2784 1950 2831 dinand der Pflege der militärischen Ent-
1032 2832 1950 2877 wicklung zu; er hat diese Aufgabe gelöst, und
1032 2877 1952 2922 mitten in Ausübung seiner militärischen Pflichten ist
1032 2919 1953 2967 der durchlauchtigste Erzherzog das Opfer des ver-
1032 2967 1953 3015 brecherischen Anschlages geworden, der einem Leben
1032 3012 1954 3060 voll Tatkraft, Energie und Schaffensfreudigkeit, einem
1031 3057 1950 3105 Leben voll stolzer Zukunftspläne ein rasches Ziel ge-
1032 3105 1952 3150 setzt hat. Unvollständig wäre das Charakterbild des
1032 3150 1951 3195 durchlauchtigsten Erzherzogs, gedächte man nicht seiner
1032 3195 1949 3243 Liebe zu seiner Gemahlin, der Genossin seines tragi-
1035 3240 1947 3288 schen Schicksals, und seines geradezu idealen Familien-
1032 3288 1152 3334 lebens.
1071 3329 1950 3378 Die „Montags-Revue“ erklärt, alles Denken
1032 3375 1950 3423 und Sinnen des durchlauchtigsten Erzherzogs war
1032 3423 1953 3468 vor allem der militärischen Großmachtstellung der
1032 3468 1950 3513 Monarchie gewidmet. Diese große Tat wird die Geschichte
1031 3513 1950 3561 verzeichnen. Erzherzog Franz Ferdinand hat nicht
1031 3557 1950 3606 umsonst gelebt. Der Monarch kehrt aus Ischl
1032 3602 1952 3651 zurück, um dort zu stehen, wohin Ihn sein sprich-
1030 3651 1952 3696 wörtliches Pflichtgefühl drängt. Gott schütze den Kaiser
1032 3696 1952 3741 und gebe Ihm die Kraft, auch die Seelenlast dieser
1032 3740 1728 3789 Zeit zu tragen! Gott schütze das Reich!
1061 3788 1952 3837 Der „Morgen“ schreibt, Mörderhände haben in
1031 3834 1952 3882 die Geschicke der Monarchie eingegriffen, und eine un-
1032 3879 1950 3927 menschliche Tat, die nicht nur jeden Österreicher tief
1032 3923 1951 3972 erschüttern, sondern alle Gesitteten empören muß, ist
1031 3972 1950 4020 geschehen. Niemand könne auch nur in großen
1031 4016 1950 4065 Umrissen das Bild der Veränderungen er-
1032 4061 1951 4110 fassen, die durch das Auslöschen dieser überragenden
1032 4109 1947 4155 Persönlichkeit für die Geschicke der Monarchie und
1032 4154 1950 4200 Europas möglich oder wahrscheinlich seien. Ein starker
1032 4199 1950 4248 Wille ist hier weggefallen, der sich auf dem Gebiete
1029 4244 1950 4293 der Heeres- und Marineverwaltung wie nicht minder
1977 135 2896 186 auch auf dem der äußeren Politik immer deutlicher
1977 180 2895 231 ausgeprägt hat. Erschüttert, aber ruhig über die Ge-
1977 225 2895 276 schicke des Reiches, stehen die Völker der Monarchie
1977 273 2896 324 an der Bahre des durchlauchtigsten Erzherzogs.
1977 312 2896 369 — Tiefstes, herzlichstes Mitleid müsse jeden mensch-
1977 363 2896 414 lich Fühlenden ergreifen, wenn er der unglücklichen
1977 408 2896 462 Kinder des ermordeten hohen Paares gedenke;
1977 453 2895 507 alle Gedanken aber wenden sich in dieser Schicksals-
1977 500 2896 558 stunde Österreichs Sr. Majestät dem Kaiser zu,
1977 545 2739 597 Dem wahrlich keine Prüfung erspart bleibe.
2010 590 2892 642 Der „Sonn- und Montags-Courier“
1977 638 2895 687 sagt, die Hoffnung Österreichs, der Stolz der Mon-
1977 683 2896 735 archie liegt entseelt auf dem Totenlager. Die Wasse
1977 729 2896 780 serbischer Mörder hat sich gegen die Stütze Sr. Ma-
1977 773 2896 828 jestät des Kaisers gerichtet. Se. Majestät aber hat
1977 818 2896 873 einen Trost, mit Ihm trauern Seine Völker, mit
1977 867 2896 918 Ihm trauert die ganze Welt. Österreich hat einen
1976 911 2895 963 schweren Schlag erlitten, aber die ungeheure Lebens-
1976 957 2895 1008 kraft der Monarchie wird ihn überstehen, allen feigen
1976 1002 2670 1053 und erbärmlichen Anschlägen zum Trotz.
2007 1047 2896 1101 Das „Montagsblatt der publizistischen
1976 1092 2895 1146 Blätter“ führt aus, in Sr. k. und k. Hoheit Erz-
1976 1140 2895 1191 herzog Franz Ferdinand verliert die Monarchie
1977 1185 2896 1239 eine Individualität von strotzender Kraft, einen
1976 1230 2896 1284 ganzen Mann, der allem, was er unternommen, den
1976 1275 2895 1329 Stempel seines Willens und seines Wesens aufzu-
1976 1322 2896 1377 drücken gewußt hat. All diese Kraft, dieser feste Wille,
1976 1368 2895 1422 diese reiche Bildung sind jetzt ins Grab gesunken.
1976 1413 2895 1467 Aber dieses alte Reich kann zwar gebeugt, doch nicht
1976 1461 2895 1512 gebrochen werden. Noch lebt in ungebrochener Kraft
1976 1505 2892 1557 unser aller Vater, Se. Majestät der Kaiser, und
1976 1550 2890 1605 Er, Der abermals zeigt, daß nichts Ihm höher steht
1976 1596 2895 1650 als die Pflicht, wird auch jetzt sorgen und schaffen
1976 1644 2895 1695 wie bisher. Ein entsetzliches Unglück, ein fast beispiel-
1976 1689 2892 1740 loser Schicksalsschlag hat das Kaiserhaus und das
1976 1734 2893 1788 Reich getroffen, aber Österreichs treue Völker werden
1976 1782 2763 1830 zeigen, daß sie stärker sind als das Schicksal.
2004 1824 2892 1878 Der „Wiener Montag“ schreibt, mit dem
1975 1872 2895 1923 Kaiserhause steht trauernd und weinend die Bevöl-
1975 1917 2892 1971 kerung der ganzen Monarchie an der Bahre des
1975 1962 2892 2016 Erzherzogs. In dieser schweren Stunde hat das
1975 2007 2893 2064 Volk nur ein Gebet: „Gott erhalte, Gott beschütze
1975 2055 2262 2100 unsern Kaiser!“.
2010 2096 2893 2154 Die „Wiener Neuesten Nachrichten“
1976 2145 2895 2199 führen aus, nach dem entsetzlichen Geschehnisse ge-
1977 2190 2895 2244 hört der erste Gedanke Sr. Majestät dem Kaiser.
1977 2235 2895 2292 Gebe Gott Ihm Kraft, auch diesen Schlag zu tragen.
1977 2280 2894 2340 Mehr als je fliegen Ihm heute aller Herzen zu,
1975 2325 2817 2379 in doppelter Treue wollen wir an Ihm hängen.
2010 2373 2893 2430 Das „Wiener Montagsblatt“ bemerkt,
1977 2418 2895 2475 angesichts der grauenhasten Tat ringt die Empfindung
1975 2463 2895 2520 vergebens nach Ausdruck. Der Monarchie ist der
1975 2511 2895 2565 durchlauchtigste Erzherzog entrissen worden, der
1975 2556 2895 2610 die Hoffnung des Reiches war. Gerade er, der För-
1975 2601 2893 2658 derer der Idee des nationalen Friedens in Österreich,
1975 2647 2893 2703 mußte dem nationalen Fanatismus zum Opfer fallen.
2001 2691 2894 2751 Das „Wiener Montags-Journal“ sagt,
1974 2739 2893 2793 Tausende von Hoffnungen sind zerknickt, und einem
1974 2784 2893 2838 großen Reiche ist tiefe Trauer bereitet worden. Der
1974 2829 2892 2883 durchlauchtigste Herr Erzherzog habe keinem
1974 2874 2893 2931 Menschen ein Leid zugefügt, ebensowenig seine hohe
1977 2919 2892 2976 Gemahlin, die als Muster Ehefrau und tugendhafte
1977 2967 2895 3021 Gattin ihre Pflichten erfüllt hat und einer heiligen
1977 3015 2895 3066 Liebespflicht zum Opfer gefallen ist. Ein Bund der
1974 3060 2895 3111 reinen Liebe habe als solcher geendet, und das ist
1976 3105 2895 3159 das einzige Versöhnliche, das aus dieser furchtbaren
1974 3150 2430 3198 Katastrophe hervorleuchtet.
2316 3239 2544 3284 (Telegramme.)
2013 3283 2331 3333 Graz, 29. Juni.
2007 3329 2895 3387 In den frühen Morgenstunden erschienen sämtliche
1974 3375 2895 3432 Grazer bürgerlichen Blätter in großen Sonder-
1977 3420 2895 3477 ausgaben. Sie geben in ihren Leitartikeln ihrer
1974 3468 2895 3522 tiefsten Empörung über das ruchlose Attentat und
1977 3513 2894 3567 ihrem Schmerz über den Tod des allverehrten er-
1977 3558 2894 3615 lauchten Paares Ausdruck und würdigen die hohen
1977 3603 2894 3660 Tugenden und die hervorragenden Eigenschaften des
1977 3651 2892 3705 so jählings aus dem Leben gerissenen Erzherzogs und
1974 3696 2265 3744 seiner Gemahlin.
2007 3741 2892 3795 Die amtliche „Grazer Zeitung“ schreibt: Das
1977 3789 2892 3843 Herz krampft sich zusammen ob der erschütternden
1977 3834 2892 3888 Kunde, die abermals Österreichs Völker in tiefste
1977 3879 2892 3933 Trauer versetzt. Schmerzdurchwühlt richtet die Bevölke-
1977 3924 2892 3978 rung in diesem Augenblicke ihre Gedanken nach Bad
1977 3972 2893 4026 Ischl zu Sr. Majestät dem Kaiser und zu den ver-
1974 4017 2893 4074 waisten Kindern des erzherzoglichen Paares. Zum
1974 4065 2893 4119 Himmel dringt das Flehen aus Millionen Herzen,
1974 4110 2892 4167 er möge den schwergeprüften Monarchen, den armen,
1974 4155 2892 4209 verwaisten erzherzoglichen Kindern und allen Mit-
1974 4202 2892 4254 gliedern des Kaiserhauses die Kraft verleihen, dieses
1974 4247 2800 4302 große und unbeschreibliche Unglück zu ertragen.
84 135 1005 183 überwinde und uns noch lange, lange Jahre in un-
81 183 753 231 geschwächter Gesundheit erhalten bleibe.
