2991 4382
1467 55 1506 96 6
453 165 648 219 Albanien.
228 227 867 276 Verschiedene Meldungen.
128 279 822 332 Durazzo (via Castelnuovo), 27. Juni.
125 328 1011 377 In der Lage ist keine Änderung eingetreten. Die
83 374 1010 422 Nacht sowie der Vormittag sind ohne Zwischenfall
84 416 1008 467 verlaufen. In der Gegend des Dorfes Ljuba nord-
84 464 1005 512 östlich von Durazzo stiegen starke Rauchwolken empor.
84 511 936 557 Man vermutet, daß das Dorf in Flammen steht.
129 562 1005 611 Prenk Bib Doda rückt wiederum andauernd
81 611 1007 656 vor und steht mit Achmet Bey Mati, der sich in
84 656 1006 701 Kruja befindet, in Verbindung, um einen gemeinsamen
80 701 489 749 Vorstoß zu vereinbaren.
126 754 816 803 Durazzo (via Castelnuovo), 28. Juni.
126 804 1004 848 Bei den heutigen Verhandlungen mit dem Obersten
80 848 1003 896 Philipp“ erklärten die Rebellen, daß sie ihre
77 894 1002 941 Forderungen aufrechterhalten, insbesondere jene bezüglich
78 939 1001 986 der Person eines mohammedanischen Fürsten. Dem-
77 986 1001 1034 zufolge gelten die Verhandlungen als resultatlos
75 1031 252 1079 verlaufen.
122 1084 999 1133 Hieher gelangten zuverlässigen Meldungen zufolge
74 1132 998 1181 soll Achmet Bey Mati heute Kruja besetzt haben.
77 1177 998 1230 Prenk Bih Doda soll heut Preza eingenommen
72 1229 195 1275 haben.
118 1275 181 1322 7
125 1285 996 1346 Der vom Urlaub hieher zurückgekehrte holländische
78 1330 996 1391 Major Sluyß ließ gestern den Aufständischen mit-
77 1379 998 1439 teilen, daß nach Schiak keine Parlamentäre gesendet
77 1424 999 1484 werden, sondern, daß falls die Rebellen Wünsche
77 1472 999 1529 hätten, darüber in Durazzo verhandelt werden möge.
78 1517 999 1574 Turkhan Pascha, der über diesen während der
79 1562 999 1622 zufälligen Anwesenheit des Majors Kroon aus-
80 1610 1001 1667 gegebenen Befehl ungehalten war, verlangte heute von
81 1658 1002 1709 Major Kroon die Versetzung des Majors Sluyß aus
80 1703 1002 1757 Durazzo. Da Major Kroon damit einverstanden
80 1747 1002 1802 war, ist Major Sluyß heute abend nach Valona
80 1800 243 1848 abgereist.
79 1858 1005 1910 Abreise Turkhan Paschas nach Wien
79 1903 1002 1959 und Rom. — Die Aufstandsbewegung.
119 1953 816 2013 Durazzo, 28. Juni, 10 Uhr Abends.
122 2003 1005 2057 Ministerpräsident Turkhan Pascha ist heute
78 2048 1008 2102 nach Wien und Rom abgereist, angeblich um eine
78 2093 1008 2147 aktivere Hilfe der europäischen Kabinette gegen die
78 2144 546 2192 Aufständischen zu erwirken.
125 2194 1006 2246 Abends wurde ein Brand in nordöstlicher Richtung
78 2240 1005 2294 von Durazzo beobachtet. Man vermutet, daß die
78 2287 747 2339 Ortschaft Dusen in Flammen stehe.
123 2340 1004 2394 Heute wurden starke Ansammlungen und eine
75 2382 1002 2441 Bewegung der Rebellen am Rashbul wahr-
75 2438 270 2489 genommen.
1074 141 1404 191 Athen, 28. Juni.
1074 191 1956 239 Die Agence d'Athènes meldet: Die Berichte gewisser
1032 236 1954 287 ausländischer Blätter, wonach die hellenische Regierung
1032 281 1953 329 mit Rumänien wegen dessen Eingreifens in den
1031 326 1953 374 griechisch-türkischen Konflikt unzufrieden wäre, entbehrt
1032 374 1953 419 jeder Begründung. Die hellenische Regierung hat
1035 418 1952 467 sogar dem Bukarester Kabinett für dessen freund-
1032 463 1952 512 schaftliche Aktion den Dank ausgesprochen. Unter
1032 508 1951 557 diesen Umständen sind die Beziehungen zwischen
1029 553 1950 602 Griechenland und Rumänien nach wie vor ausge-
1029 602 1170 650 zeichnet.
1377 694 1596 747 Numänien.
1233 757 1752 806 Die Suwarow-Feier.
1068 799 1947 848 Bukarest, 29. Juni. (Meldung der Agence Télé-
1026 845 1407 893 graphique Roumaine.)
1065 890 1947 941 Gestern wurden am Denkmal des Generals
1026 938 1947 986 Suwarow in Martinesti die vom König Karl und
1026 983 1947 1031 der rumänischen Armee gewidmeten Kränze nieder-
1023 1030 1947 1079 gelegt. Der Feier wohnten der russische Militär-
1026 1075 1947 1125 Attaché Oberst Semenow und die Spitzen der
1023 1121 1572 1173 Zivil- und Militärbehörden bei.
1374 1227 1584 1281 Bulgarien.
1374 1290 1596 1340 Dementi.
1062 1347 1389 1397 Sofia, 27. Juni.
1062 1396 1947 1445 Die Agence Télégraphique Bulgare meldet: Die
1026 1442 1947 1490 Salonikier Nachricht, daß die Bulgaren an der
1026 1487 1947 1538 griechischen Grenze beim Mesta-Flusse Truppen-
1026 1532 1947 1583 verstärkungen zusammenziehen, daß die bulgaris
1026 1580 1947 1628 schen Offiziere in Mazedonien ihre Familien nach
1026 1625 1947 1676 Bulgarien bringen und daß längs der Grenze Ver-
1026 1673 1947 1721 teidigungsgräben aufgeworfen werden, ist in allen
1026 1718 1947 1766 Punkten erfunden und verfolgt den augenscheinlichen
1026 1766 1947 1814 Zweck, die militärischen Vorbereitungen der Griechen
1026 1808 1947 1859 zu verschleiern, die bis jetzt zwischen Serres und
1023 1855 1947 1905 Kawalla etwa 10 Regimenter zusammengezogen haben.
1158 1966 1808 2020 Vereinigte Staaten von Amerika.
1200 2026 1776 2076 Die Atlantische Flotte.
1062 2082 1530 2129 Washington, 27. Juni.
1064 2128 1948 2177 Marinesekretär Daniels hat erklärt, daß die
1026 2174 1947 2222 Schiffe der Atlantischen Flotte, welche die inter-
1026 2219 1948 2267 natinale Flottenparade anläßlich der
1026 2264 1947 2312 Eröffnung des Panama-Kanals geleiten
1028 2306 1948 2360 sollen, sogleich nach ihrer Teilnahme an den Aus-
1029 2354 1947 2402 stellungs-Feierlichkeiten aus dem Stillen Ozean zurück-
1026 2402 1947 2450 kehren würden. Diese Erklärung soll die irrtümliche
1026 2447 1947 2495 Auffassung berichtigen, daß die Atlantische Flotte für
1026 2492 1947 2541 unbestimmte Zeit im Stillen Ozean verbleiben werde.
2025 318 2907 378 (Personalnachricht.) Se. Exzellenz der
1977 365 2907 422 Herr Eisenbahnminister Dr. Freiherr von Forster
1977 410 2907 467 ist heute früh aus Schüttenhofen hieher zurückgekehrt.
2022 458 2907 518 (Internationaler Kaufmannstag.) Im Anschluß
1975 507 2907 560 an die Eröffnung der „Ersten Wiener Messe“ fand gestern in
1974 552 2907 605 der Volkshalle des Rathauses die feierliche Eröffnung des
1974 594 2904 650 Ersten internationalen Kaufmannstages statt. Zur Eröffnungs-
1977 645 2904 698 sitzung hatten sich eingefunden: Ihre Exzellenzen Minister des
1974 689 2907 746 Innern Dr. Freiherr von Heinold, Handelsminister Dr.
1974 732 2907 794 Edler von Schuster, Bürgermeister Dr. Weiskirchner,
1974 780 2907 833 die Sektionschefs Se. Exzellenz Dr. Mataja und
1974 822 2905 881 Dr. Adolf Müller und zahlreiche Mitglieder aus der
1974 867 2901 926 Wiener Kaufmannschaft, Vertreter industrieller, kommer-
1974 915 2902 974 zieller und gewerblicher Korporationen sowie die Delegierten
1974 960 2900 1022 der Fachorganisationen aus Österreich und dem Auslande.
1974 1011 2899 1067 Präsident M. Ratz gedachte zuerst des fünfundzwanzig-
1971 1056 2899 1112 jährigen Jubiläums der Reichs-Organisation der Kauf-
1971 1100 2902 1160 leute Österreichs, das Anlaß zur Ernennung einer
1968 1145 2905 1205 Reihe von Ehrenmitgliedern gegeben habe. Unter diesen
1968 1193 2901 1247 Ehrenmitgliedern befinden sich: Se. Exzellenz Minister-
1967 1244 2901 1295 präsident Graf Stürgk), Se. Durchlaucht Landmarschall
1970 1289 2901 1340 Prinz zu Liechtenstein, Se. Exzellenz Bürgermeister
1970 1334 2899 1388 Dr. Weiskirchner und Landes-Ausſchuß Bielohlawek. Nach
1971 1382 2899 1433 einem mit stürmischem Beifall aufgenommenen Hoch auf
1971 1428 2898 1478 Se. Majestät den Kaiser erklärte der Vorsitzende den
1971 1473 2898 1526 Ersten internationalen Kaufmannstag für eröffnet. Herr
1970 1518 2898 1571 Handelsminister Dr. Edler von Schuster richtete hierauf
1971 1566 2898 1616 an die Versammlung eine Ansprache, worin er den Kauf-
1971 1611 2898 1667 mannstag im Namen der Regierung willkommen hieß.
1971 1656 2898 1706 Dann begrüßte Se. Exzellenz Herr Bürgermeister Dr. Weis-
1971 1701 2898 1754 kirchner die Versammlung, deren Aufgabe und Ziele er
1971 1746 2898 1802 erörterte, und schloß mit dem Wunsche: Möge der heutige
1971 1794 2898 1847 Kaufmannstag den verheißungsvollen Anfang einer langen
1971 1839 2898 1889 Epoche wirtschaftlichen Aufschwunges Ihres Berufsstandes
1971 1884 2896 1937 bilden. Mögen seine Arbeiten zu einer Quelle werden,
1971 1929 2898 1982 aus der der Kaufmannsstand und die ihm stets hilfsbereit
1974 1977 2898 2027 zur Seite stehende Regierung in vollen Zügen nicht nur
1974 2019 2898 2072 Belehrung, sondern auch jene Kraft zum Handeln schöpfen
1974 2067 2898 2117 können, die allein die innere Überzeugung zu verleihen
1972 2112 2898 2162 vermag. Dann begrüßten eine Reihe von anderen Persön-
1972 2157 2898 2207 lichkeiten den Kaufmannstag. Schließlich sprachen die Ver-
1973 2202 2898 2255 treter aller am Kongresse vertretenen Nationen und
1973 2246 2898 2300 Staaten, die die einschlägigen Verhältnisse in ihren Ländern
1973 2294 2895 2342 schilderten. Das Referat erstattete der Sekretär des Nieder-
1973 2339 2896 2393 österreichischen Gewerbevereines Professor Dr. Kobatsch
1974 2385 2785 2435 über die Bekämpfung des unlauteren Wettbewerbes.
2004 2430 2898 2483 (Brand.) Auf dem Badener Rennplatz ist gestern
1972 2478 2898 2528 mittag ein großer Brand in den Stallungen ausgebrochen.
1971 2523 2898 2573 Mehrere der Baulichkeiten sind den Flammen zum Opfer
1971 2568 2898 2618 gefallen. Auch drei Pferde sind verbrannt. Der Schaden
1971 2612 2898 2666 beträgt mehr als 100.000 Kronen. Zahlreiche Feuerwehren
1971 2657 2898 2711 der Umgebung waren auf dem Brandplatz eingetroffen,
1968 2703 2805 2753 denen es schließlich gelang, das Feuer zu lotalisieren.
2220 166 2676 245 Kleine Chronik.
2304 251 2574 302 Wien, 29. Juni.
249 2547 832 2608 Griechenland und die Türkei.
186 2612 897 2667 Die griechische Antwortnote.
123 2668 1008 2720 Athen, 27. Juni. (Meldung der Agence
75 2716 277 2765 d'Athènes.)
123 2756 1005 2810 Die griechische Antwortnote ist heute vom Gesandten
77 2801 1005 2858 Panas der Pforte überreicht worden. Die
80 2846 1005 2906 griechische Regierung nimmt darin Akt von der Mit-
78 2894 1005 2948 teilung der Türkei betreffend die Maßnahmen, welche
81 2939 1005 2993 die türkische Regierung getroffen habe, um den Vor-
80 2984 1005 3041 gängen in Thrazien und Kleinasien ein Ende
79 3029 1005 3089 zu setzen, sowie von der Erklärung bezüglich
80 3077 1005 3131 der Repatriierung der an der asiatischen Küste
80 3122 1005 3176 befindlichen Griechen, endlich nimmt sie den
81 3167 1005 3221 Vorschlag des türkischen Gesandten Ghalib Kemali
81 3212 1005 3266 Bey zur Kenntnis, die bereits abgereisten Griechen
81 3257 1005 3311 unter die Zahl derer aufzunehmen, die ausgetauscht
80 3305 1005 3359 werden sollen. Die Note fährt sodann fort: Die von
77 3347 1005 3404 der Türkei ergriffenen Maßnahmen beweisen, wie wohl-
80 3395 1006 3449 begründet alles war, was die griechische Regierung
81 3443 1005 3494 der türkischen zur Kenntnis brachte. Die griechische
81 3485 1002 3539 Regierung willigt in den Austausch jener Land-
81 3533 1002 3584 bewohner, die den Wunsch äußern würden, auszu-
80 3578 1005 3632 wandern. Sie teilt den Standpunkt der Türkei
81 3623 1005 3677 bezüglich der Abschätzung der zurückzuerstattenden
80 3668 1005 3722 Güter sowie bezüglich der Regelung der
80 3713 1005 3770 gegenseitigen Entschädigungen, dagegen weist sie
81 3758 1005 3812 die Auffassung der Türkei zurück, wonach Ver-
80 3800 1005 3860 folgungen seitens der Griechen die Ursache der Aus-
80 3849 1002 3905 wanderung der Muselmanen aus Mazedonien gewesen
80 3894 1005 3950 seien. Die Auswanderung der Muselmanen sei nicht
80 3942 1005 3995 durch Verfolgungen hervorgerufen worden, sondern
80 3987 1005 4040 eine freiwillige gewesen, während die erzwungene
81 4028 1005 4085 Auswanderung der Griechen in Provokationen, An-
80 4076 1005 4133 griffen und Plünderungen begründet war. Die Note
80 4121 1003 4178 schließt, die griechische Regierung habe stets bewiesen,
81 4166 1002 4223 daß sie von liberalem Geiste gegen andersnationale
81 4213 1005 4268 Völker erfüllt sei. Griechenland habe niemals einen
81 4257 1005 4313 Unterschied in der Rasse oder in der Religion gemacht.
1128 2593 1845 2650 Nationale Festlichkeit in Brünn.
1065 2655 1422 2702 Brünn, 28. Juni.
1557 2698 1950 2747 verliefen bis 5 Uhr
1063 2702 1467 2750 Die heutigen Festlichke
1560 2744 1949 2795 Vormittags fand der
1026 2747 1431 2795 Nachmittags programmg
1431 2792 1947 2837 Pudentenschaft statt, und Nach-
1026 2792 1401 2840 Bummel der deutschen
1446 2837 1947 2885 auf der Elisabethstraße der
1026 2836 1338 2888 mittags formierte
1026 2882 1947 2933 Festzug der Sokolisten, an welchem über 15.000
1026 2927 1947 2978 Sokolisten teilnahmen. Abends, als die Sokolisten den
1026 2975 1948 3023 Weg zum Bahnhof angetreten hatten, wurden sie in
1026 3020 1947 3068 der Innere Stadt durch einzelne Trupps deutscher
1026 3063 1947 3113 Studenten gestört, wobei die Gendarmerie einzelne
1026 3112 1578 3158 Verhaftungen vornehmen mußte.
1197 3209 1755 3258 Luftschiffahrt und Aviatik.
1065 3264 1422 3311 Berlin, 28. Juni.
1065 3311 1947 3359 Der Flieger Landmann hat heute einen neuen
1026 3356 1944 3404 Weltrekord mit einer Gesamtflugleistung von 21 Stund
1026 3400 1944 3449 den 49 Minuten aufgestellt. Er stieg Samstag 8 Uhr
1027 3445 1946 3494 35 Minuten Abends mit einem Albatros-Doppeldecker
1027 3493 1945 3542 mit 75pferdigem Mercedes-Motor auf und ist Sonntag
1028 3538 1944 3587 Nachmittags um 6 Uhr 23 Minuten auf dem Flug-
1029 3584 1644 3632 platze Johannisthal wieder gelandet.
1341 3689 1638 3740 Schiffsunglück.
1062 3744 1537 3794 Londonderry, 29. Juni.
1065 3790 1947 3839 Der Postdampfer „California“ ist auf der Rückfahrt
1026 3839 1947 3884 von New-York an der irischen Küste auf den Klippen
1026 3883 1947 3932 der Insel Tory im Nebel gestrandet. Der Bug ist
1029 3928 1947 3977 schwer beschädigt. Die Zahl der an Bord befindlichen
1026 3973 1947 4022 Passagiere ist nicht bekannt. Der Dampfer erbat
1029 4021 1947 4068 funkentelegraphisch Hilfe. Zwei Kanonenboote sind an
1026 4066 1530 4112 die Unglücksstelle abgegangen.
2337 2830 2532 2886 Lokales.
2004 2899 2893 2947 (Verhaftung.) Die Näherin Katharina Laschkolnig
1968 2936 2893 2983 und der Taschnergehilfe Martin Uher wurden am
1968 2973 2894 3019 27. d. M. verhaftet. Über hatte falsche Zwei- und Fünf-
1970 3009 2894 3055 Kronen-Stücke hergestellt und die Laschkolnig sie in Verkehr
1969 3047 2079 3092 gesetzt.
2007 3089 2894 3136 (überfall.) Gestern früh gegen 121/2 Uhr wurden auf dem
1971 3129 2894 3172 Rosenhügel der 37jährige Hilfsarbeiter Rudolf Seidl und
1971 3165 2895 3208 der 47jährige Karl Cerny von drei Burschen mit Messern
1971 3200 2895 3244 angegriffen. Seidl wurde lebensgefährlich, Cerny schwer ver-
1971 3235 2895 3281 letzt. Die drei Angreifer entflohen. Ihre Ausforschung wurde
1971 3272 2142 3316 eingeleitet.
2232 3357 2623 3415 Volkswirtschaftliches.
2188 3425 2673 3480 New-Yorker Börse.
2013 3481 2894 3533 New-York, 27. Juni. (Kabeltelegramm. — Fonds-
1974 3527 2487 3575 hörseverlauf und Schlußkurse.)
2010 3572 2894 3626 Da das Falliment Claflin überwunden zu sein
1973 3617 2894 3671 scheint und glänzende Ernteberichte vorlagen, verkehrte
1974 3662 2894 3716 die Börse unter Bevorzugung von Milwaukee Shares
1974 3710 2894 3761 trotz einer weiteren Verschiebung der Frachtraten-
1971 3755 2893 3809 entscheidung von Beginn bis zum Schluß in fester
1971 3800 2121 3848 Haltung.
2013 3844 2502 3893 Aktienumsatz 59.000 Stück.
2009 3886 2893 3944 Wechsel auf London (Cable Transfers) 4.89.
1971 3930 2893 3989 Wechsel auf London (60 Tage Sicht) 4.85.90.
1971 3979 2893 4037 Wechsel auf Paris (60 Tage Sicht) 5.153/8.
1971 4027 2893 4082 Wechsel auf Berlin 95.25. Silber Bullion 56.50.
1968 4072 2896 4127 Dender &amp; Rio Grande (common shares) 105/3. Erie
1971 4119 2893 4172 1. Preference 42.—. Illinois Centralbahn 111.—.
1970 4164 2896 4218 Louisville &amp; Nashville 136.50. Union Pacific
1972 4209 2904 4263 (common shares) 1531/8. Canada Pacifie (common-
1974 4258 2256 4304 shares) 192,25.
