2991 4382
1491 227 1521 511 .
1749 194 1791 506 5
1140 695 1839 738 Pränumerations-Preise:
129 742 2856 785 Kronen, halbj. 4 Kronen, viertelj. 2 Kronen, monatl. 80 Heller. Die Zustellungsgebühr beträgt monatlich 40 Heller. — Mit Postversendung: Ganzj. 12 Kronen, halbj. 6 Kronen, viertelj. 3 Kronen, monatl. 1 Krone 20 Heller.
129 788 2871 827 Einzelne Nummern 4 Heller. Redaktion: I., Bäckerstraße 13 (Telephon Nr. 13.464); Verwaltung: I., Bäckerstraße 13 (Telephon Nr. 22.543); Druckerei: I., Bäckerstraße 20 (Telephon Nr. 14.824). Einzelne Nummern 4 Hellere
156 592 693 668 1914. — Nr. 146.
633 225 1139 515 jene
1079 591 1931 668 Beilage zur Wiener Zeitung.
1857 221 2289 513 end
2262 583 2832 666 Montag, 29. Juni.
212 1269 882 1361 Erzherzog Franz
297 1358 798 1445 Feybinand †.
129 1559 1008 1609 Die grosenvolle Schreckenskunde, die gestern von
87 1605 1008 1654 Sarajevo aus die Welt durcheilte, hat in allen
83 1650 1008 1702 Lande, tiefste Teilnahme erweckt. Mit ihrem heiß-
89 1695 1009 1747 geliebten Kaiser und König, mit dem er
86 1743 1009 1792 haltenen Erzhause trauern die getreuen Völker
84 1788 1009 1837 der österreichisch-ungarischen Monarchie um den
83 1833 1008 1882 so jäh dahingeschiedenen durchlauchtigsten Erzherzog
83 1878 1008 1930 Franz Ferdinand und seine edle Gemahlin, und
84 1923 1008 1972 weit hinaus über die Grenzen des Reiches, aller-
81 1971 1008 2017 orten, wo gesittete Menschen wohnen, vereinigt sich
84 2017 1008 2062 mit der dumpfen ergreifenden Totenklage über den
84 2061 1008 2110 vorzeitigen Hingang des hochgesinnten Fürstenpaares
81 2106 1008 2155 der tiefste Abscheu vor der fluchwürdigen Tat und
81 2151 1008 2200 den ruchlosen Tätern; denn feig und tückisch haben sie
83 2196 1009 2245 zwei Leben vernichtet, die so vielen kostbar und
81 2241 1008 2290 feuer gewesen sind und deren Streben nur dem
81 2287 1005 2335 Edlen und Guten gegolten hat. Mildernd und wohl-
81 2335 1011 2380 tuend wirkt diese allgemeine herzliche Teilnahme, sie
81 2380 1011 2426 allein vermag den tiefen Schmerz und die düstere
81 2424 1011 2471 Trauer zu lindern, die heute alle Herzen in der
78 2468 534 2516 weiten Monarchie erfüllt.
80 2572 1008 2628 Die Rückkehr Sr. Majestät des Kaisers von
582 2677 1005 2726 Se. Majestät der
126 2676 441 2722 Heute vormittag
78 2721 1005 2771 Kaiser mit einem Hof Sonderzug aus Bad Ischl
80 2767 1005 2815 hieher zurückgekehrt. In der Umgebung des Penzinger
80 2812 1005 2861 Bahnhofes in der Kumberlandstraße und in der Hof-
78 2860 1005 2905 allee war ein Spalier von vielen Tausenden ange-
81 2905 1005 2953 sammelt. Bis in den Schönbrunner Schloßpark stand
81 2949 1004 2998 das Publikum in tiefster Ergriffenheit, bereit, auch bei
81 2994 1004 3043 diesem tief schmerzlichen Anlasse dem Monarchen seine
80 3039 1004 3088 Liebe zu bezeigen. Auf dem Perron hatte sich
81 3084 1004 3133 Se. und k. Hoheit der durchlauchtigste Herr Erz-
80 3130 1004 3178 herzog Karl Franz Josef einige Minuten vor
78 3175 1004 3223 Uhr mit seinem Kammervorsteher GM. Prinzen von
81 3220 1004 3268 Lobkowitz eingefunden. Ferner war Staatsbahn-
78 3267 1004 3316 direktor Ministerialrat Dr. Kolisko anwesend. Der
78 3312 1002 3361 Herr Erzherzog, der aufs tiefste ergriffen aussah, trug
77 3357 1002 3406 die Uniform als Oberstleutnant des Infanterie-
78 3401 1002 3451 regiments Nr. 39. Präzise um 11 Uhr 10 Minuten
80 3447 1002 3496 fuhr der Zug in den Bahnhof. Seine Majestät der
78 3492 1002 3541 Kaiser entstieg in der Marschalls-Kampagne-Uniform
81 3537 1002 3586 ohne Mantel dem Salonwagen. Mit dem Monarchen
81 3585 1002 3631 kam der allergrößte Teil des Gefolges, das Ihn nach
77 3630 1002 3679 Ischl begleitet hatte. Der Monarch nahm die Be-
78 3675 1003 3724 grüßung des durchlauchtigsten Herrn Erzherzogs ent-
78 3721 1003 3769 gegen. Sodann schritt der Monarch zum Bahnhof-
78 3765 1003 3817 ausgang und bestieg mit dem durchlauchtigsten Herrn
78 3810 1003 3862 Erzherzog den offenen kaiserlichen Leibwagen. Trotz
78 3854 1002 3907 des Ernstes der Stunde konnte sich das Publikum
78 3903 1002 3952 nicht zurückhalten, durch brausende Hochrufe
78 3948 1003 3997 und Hüte- und Tücherschwenken dem Monarchen
78 3993 1002 4042 eine rührende Huldigung darzubringen. Den ganzen
78 4038 1002 4087 Weg über hielten die Ovationen an. Auch im Schloß-
77 4083 1002 4135 hofe stand auf der einen Seite ein nach Tausenden
77 4128 1002 4180 zählendes Publikum. Es bereitete dem einfahrenden
75 4173 1002 4225 Wagen des Monarchen eine begeisterte stürmische
75 4217 1002 4270 Ovation. Dem Wagen Sr. Majestät des Kaisers
1035 918 1963 967 folgte ein Suitewagen, in dem Generaladjutant
1035 964 1959 1009 G. d. K. Graf Paar und Obersthofmeister
1035 1008 1959 1054 GM. Prinz von Lobkowitz saßen. Bald nach
1038 1053 1959 1099 111/4 Uhr fuhr der kaiserliche Wagen in den
1035 1099 1959 1147 Schloßhof ein. Die Wache der 25er Jäger trat in
1035 1144 1959 1192 das Gewehr, und der Wagen hielt unter den
1035 1189 1959 1237 brausenden Hochrufen des Publikums, die sich
1035 1234 1959 1282 immer erneuerten, an der Stiege. Der Monarc
1034 1282 1578 1327 dankte ernst für die Ovationen.
1074 1327 1959 1375 Von der Abreise Sr. Majestät aus Bad Jscht und
1034 1372 1961 1421 der Rückfahrt nach Wien liegen folgende telegraphische
1034 1419 1325 1464 Meldungen vor:
1077 1472 1494 1522 Bad Ischl, 29. Juni.
1077 1519 1959 1567 Se. Majestät ist heute zur festgesetzten Stunde,
1034 1564 1960 1609 um 6 Uhr Morgens, nach Wink abgereist. Trotz der
1035 1606 1959 1657 frühen Morgenstunde hatte ich in den zum Bahnhof
1035 1654 1959 1702 führenden Straßen ein zahlreiches Publikum ein-
1034 1698 1959 1747 gefunden. Der Perron selbst blieb abgesperrt. Se.
1034 1746 1959 1792 Majestät fuhr Ainige Minuten vor 6 Uhr
1034 1791 1957 1840 in Begleitung des Generaladjutanten G. d. K.
1034 1834 1956 1885 Grafen Paar in geschlossenen Leibwagen zum Bahn-
1034 1882 1956 1930 hof und wurde vom Publikum ehrfurchtsvollst begrüßt.
1034 1927 1956 1978 In einem zweiten Wagen folgte der diensthabende
1034 1975 1956 2023 Flügeladjutant Oberstleutnant Graf Hoyos.
1034 2020 1956 2068 Se. Majestät richtete vor Besteigung des Salonwagens
1033 2065 1958 2113 einige Worte an den Staatsbahndirektor Hofrat
1035 2110 1956 2158 Scheikl. Nach Meldung des Stationsvorstandes
1033 2155 1958 2203 Weber verließ der Hof-Sonderzug um 6 Uhr den
1035 2203 1194 2248 Bahnhof.
1076 2244 1958 2296 Im Gefolge Sr. Majestät sind abgereist:
1033 2293 1956 2338 die Generaladjutanten G. d. K. Graf Paar und
1033 2337 1957 2386 Vorstand der Militärkanzlei G. d. J. Freiherr von
1033 2382 1954 2434 Bolfras, Kabinettsdirektor Dr. Freiherr von Schießl,
1033 2430 1956 2476 Leibarzt Dr. Ritter von Kerzl, Hofburg-Pfarrer
1033 2475 1957 2521 Prälat Dr. Seydl, Hof-Wirtschaftsdirektor Hofrat von
1033 2521 1957 2569 Prileszky, der Flügeladjutant des Grafen Paar Oberst
1033 2566 1956 2614 von Margutti, die Flügeladjutanten Graf Hoyos und
1033 2610 1956 2659 Major Freiherr von Catinelli, Hauptmann Ottrubay,
1033 2658 1956 2704 die Sektionsräte von Cförgeö und Dr. Zeleny von
1033 2703 1956 2749 der Kabinettskanzlei, Regierungsrat Fischer von der
1033 2748 1740 2797 Militärkanzlei und Hofreisekassier Kerzan.
1074 2793 1956 2842 Den Hof-Reisezug begleiten Staatsbahndirektor
1032 2838 1955 2888 Hofrat Scheikl, Ober-Staatsbahnrat Royer, Staats-
1032 2886 1955 2935 bahnrat Müller und Inspektor Seitz. Bei der Zufahrt
1032 2932 1955 2980 zum Parke der kaiserlichen Villa hatten sich Bürger-
1032 2977 1955 3026 meister kaiserlicher Rat Leithner, Vizebürgermeister
1032 3021 1953 3071 Berkovits und Konstistorialrat Karl Stadler
1032 3066 1241 3115 eingefunden.
1074 3114 1953 3161 Das Aussehen Sr. Majestät war trotz der Auf-
1032 3159 1953 3206 regungen und der Arbeitslast des gestrigen Tages ein
1032 3204 1164 3253 frisches.
1068 3257 1485 3308 Bad Ischl, 29. Juni.
1071 3303 1953 3352 Se. Majestät der Kaiser höhnte heute morgen
1027 3351 1953 3397 vor Seiner Abreise in der Kapelle der kaiserlichen
1026 3396 1953 3445 Villa einer heiligen Messe bei, die vom Prälaten
1025 3441 1788 3491 Hofburgpfarrer Dr. Seys gelesen wurde.
1068 3488 1467 3536 Amstetten, 29. Juni
1065 3533 1953 3581 Ihre k. und k. Hoheiten der durchlauchtigste Herr
1026 3579 1953 3626 Erzherzog Franz-Salvator und Frau Erz-
1026 3621 1952 3670 herzogin Marie Valerie bestiegen in Be-
1025 3669 1952 3718 gleitung des Obersthofmeisters Freiherrn von Lederer
1026 3714 1952 3763 und der Hofdame Gräfin Bombelles in Am-
1026 3759 1952 3808 stetten den Hofseparatzug und begleiteten Se. Majestät
1026 3803 1563 3854 den Kaiser bis St. Pölten.
1071 3856 1524 3908 St. Pölten, 29. Juni.
1068 3905 1951 3955 Der Hofzug mit Sr. Majestät dem Kaiser ist
1026 3950 1951 4000 hier um 10 Uhr 3 Minuten eingetroffen. Ihre
1026 3995 1951 4048 k. k. Hoheiten der durchlauchtigste Herr Erzherzog
1026 4041 1950 4090 Franz Salvator und höchstdessen Gemahlin
1026 4089 1950 4135 ließen hier den Hofzug und kehrten mit dem nächsten
1026 4131 1950 4180 Schnellzuge nach Amstetten wieder zurück. Nach einem
1023 4176 1950 4228 Aufenthalte von zwei Minuten setzte der Hofzug die
1023 4223 1419 4273 Fahrt nach Wien fort.
2019 929 2856 987 Beileidskundgebung der k. k. Regierung.
2022 985 2907 1037 Se. Exzellenz Ministerpräsiden Graf Stürgkh
1982 1031 2907 1084 hat gleich nach dem Eintreten der Trauerbotschaft
1985 1077 2907 1129 Sr. Majestät den Ausdruck des tiefsten Beileides
1983 1124 2907 1174 der Regierung unterbreitet. Se. Majestät der Kaiser
1984 1169 2907 1222 hat für diese Kundgebung in telegraphischem Wege
1986 1215 2403 1265 den Dank ausgeſprochen.
1982 1273 2906 1330 Trauerkundgebung des Präsidiums des öster-
2124 1325 2766 1375 reichischen Abgeordnetenhauses.
2022 1379 2355 1429 Wien, 29. Juni.
2022 1422 2906 1474 Der Präsident des Abgeordnetenhauses Dr. Syl-
1983 1471 2906 1522 vester hat an den Ministerpräsidenten Grafen
1983 1516 2907 1567 Stürgkh folgende Depesche gerichtet: Namens des
1986 1561 2907 1612 Präsidiums des derzeit vertagten Abgeordnetenhauses
1983 1609 2907 1657 bitte ich Eure Exzellenz, anläßlich des erschütternden,
1983 1650 2907 1705 fluchwürdigen Attentats in Sarajevo den Ausdruck
1983 1698 2907 1750 tiefsten Schmerzes und ehrerbietigster Teilnahme an
1981 1742 2907 1795 die Stufen des Allerhöchsten Thrones gelangen lassen
1981 1794 2166 1846 zu wollen.
2151 1833 2733 1888 Die Ereignisse in Sarajevo.
2019 1891 2425 1942 Sarajevo, 29. Juni.
2016 1934 2905 1987 Die Leichname Sr. k. und k. Hoheit des Herrn
1980 1983 2907 2032 Erzherzogs Franz Ferdinand mit der Frau
1980 2028 2907 2080 Herzogin von Hohenberg waren im Laufe
2517 2071 2905 2118 die Entenmasken ab-
1980 2075 2511 2125 der Nacht einbalsamiert und
1982 2118 2907 2173 genommen. Der Zeitpunkt der Überführung nach Wien
2421 2166 2475 2213 An
2511 2164 2907 2212 Der Bahre werden fort-
1983 2168 2391 2215 ist noch nicht bestimmt.
1983 2211 2649 2264 während zahlreiche Kränze dergelegt.
2019 2258 2397 2309 Sarajevo, 29. Juni
2019 2301 2907 2353 Über das erste Attentat werden folgende authentische
1980 2346 2907 2398 Einzelheiten bekannt. Zuerst wurde am Appelkai vom
1980 2391 2908 2446 rechtsseitigen Trostwir aus gegen das Automobil des
1980 2436 2908 2491 Herrn Erzherzogs ein kleines, schwach detonierendes
1983 2484 2908 2536 Projektil geworfen, das hinter dem Rücken der Frau
1979 2530 2908 2581 Herzogin erbeiflog. Gleich darauf fiel die Bombe, die
1982 2574 2908 2626 in dem Moment explodierte, als das zweite Automobil
1980 2619 2909 2671 vorüberfuhr. Im Wagen des erzherzoglichen Paares
1980 2668 2907 2716 wußte man gar nicht, was geschehen war. Als die
1978 2713 2907 2761 aachfolgenden Automobile stehen blieben und die Insassen
1980 2758 2908 2809 ausstiegen, hielt auch das erzherzogliche Automobil an,
1980 2802 2907 2854 und es wurde dem Herrn Erzherzog Meldung über
1979 2847 2908 2902 den Vorfall erstattet. Bei der Ankunft im Rathause
1979 2895 2907 2950 gab Se. k. und k. Hoheit gegenüber dem Bürger-
1980 2940 2907 2992 meister seiner Empörung über das Attentat Ausdruck.
2022 2985 2908 3037 Der Empfang nahm einen glänzenden Verlauf.
1977 3030 2907 3082 Unterdessen hatte sich die Nachricht vom Attentat im
1979 3075 2907 3130 Publikum verbreitet. Als der Herr Erzherzog und
1979 3123 2907 3175 seine Gemahlin im Portal des Rathauses erschienen,
1977 3171 2691 3220 brauste ihnen frenetischer Jubel entgegen.
2019 3213 2907 3265 Vom Rathause wollte der Herr Erzherzog auf
1977 3255 2907 3310 seinen ausdrücklichen Wunsch und trotz Ab-
1977 3306 2907 3358 mahnung des Landeschefs die Fahrt fortsetzen,
1977 3351 2910 3403 um zunächst den im Garnisonspitale liegenden
1977 3396 2910 3448 Oberstleutnant von Merizzi einen Besuch
1977 3438 2910 3496 abzustatten. Im Automobil saß auch der Landes-
1976 3489 2907 3538 chef mit dem Gesichte gegen das hohe Paar gewendet.
1976 3534 2907 3583 Auf das Trittbrett des Automobils hatte sich
1976 3579 2909 3631 Graf Harrach gestellt, um mit seiner Person den
1976 3624 2907 3676 Herrn Erzherzog gegen eventuelle neue Überfälle.
1975 3669 2907 3721 zu schützen. Der Herr Erzherzog-Thronfolger machte
1975 3714 2907 3769 dem Grafen Harrach gegenüber eine scherzende Be-
1975 3762 2908 3814 merkung. Bei dem Einbiegen in die Kaiser Franz
1975 3807 2907 3862 Joseph-Gasse, wo das Automobil die Fahrt etwas
1975 3852 2904 3904 verlangsamen mußte, fielen die zwei tödlichen Schüsse.
1975 3897 2904 3949 Der Landeschef hatte im ersten Augenblicke den Ein-
1975 3945 2906 3997 druck, daß glücklicherweise wieder nichts geschehen sei,
1975 3990 2906 4042 weil sowohl der Herr Erzherzog-Thronfolger als auch
1974 4035 2904 4090 die Herzogin ruhig und aufrecht im Automobil saßen.
2010 4085 2421 4136 Sarajevo, 29. Juni.
2013 4124 2905 4180 Der am Hinterhaupte verletzte Flügeladjutant
1974 4172 2904 4225 Oberstleutnant Merizzi befindet sich außer jeder
1974 4219 2904 4270 Gefahr. Graf Boos-Waldeck ist nur geringfügig
339 937 750 999 Wien, 29. Juni.
132 1015 744 1067 Seine k. und k. Apostolisch
87 1060 664 1111 sind heute vormittag aus Bad
87 1113 273 1154 gekommen.
798 1002 1008 1070 Majestat
777 1052 1009 1111 in Wien an-
