2991 4382
100 240 1012 329 Offizieller Bericht über den Attentat
375 324 717 392 in Sarajen.
126 408 528 456 Sarajevo, 29. Juni.
126 452 882 504 Von offizieller Dinte wird gemeldet:
129 501 1014 548 Ihre Hoheit Herzog von Hohenberg hat
80 546 1014 593 noch am Tag ihrer am 25. Juni erfolgten Ankunft
84 591 1013 639 aus dem 11 Semeter von Sarajevo entfernten
83 635 1013 687 Bade Ilidie, woselbst das höchste Hoflager
84 680 1013 729 etabliert war, einen programmäßig nicht vor-
88 726 1011 780 gesehenen Automobilausflug nach Sarajevo
84 773 1012 824 gemacht, von dem sie sehr befriedigt nach Ilidie
85 818 1012 870 zurückkehrte. Im Laufe des 26. und 27. Juni be-
86 867 1012 914 sichtigte Ihre Hoheit die Herzogin zahlreiche Institute
87 911 1012 956 Gotteshäuser in Sarajevo. Auch diese Ausflüge
87 956 1011 1001 verliefen in glänzender Weise. Am Morgen des
90 997 178 1047 28.
180 1001 1011 1049 kamen Se. k. und k. Hoheit und Ihre
81 1047 1011 1094 Hoheit zusammen nach Sarajevo, um einige Be-
84 1092 1010 1139 sichtigungen vorzunehmen und nach dem Dejeuner im
81 1140 1010 1184 Konak per Bahn nach Ilidie zurückzukehren. Die
83 1185 1010 1232 Fahrt durch die Stadt erfolgte im Auto. Dem Auto
84 1230 1010 1277 Sr. k. und k. Hoheit fuhren der Bürgermeister und
82 1275 1009 1322 der Regierungskommissär voraus. In dem folgenden
84 1320 1009 1367 Auto saßen Ihre Hoheit die Herzogin rechts, Se.
84 1368 1009 1415 k. und k. Hoheit links, und vor beiden Hoheiten,
84 1413 1008 1460 seitwärts gewendet, saß Se. Exzellenz der Landeschef
83 1458 1008 1505 von Bosnien und der Hercegovina FM. Potiorek,
83 1503 1008 1550 während sich der Besitzer des Wagens, Se. Exzellenz Graf
83 1548 1011 1595 Harrach vom Freiwilligen Automobilkorps, neben
84 1593 1011 1643 dem Chauffeuer befand. Die Stadt war reich beflaggt,
84 1638 1011 1685 die Trottoire voll Menschen, welche den beiden
84 1685 1014 1733 Hoheiten stürmisch zujubelten. Das Tempo der Fahrt
84 1731 1014 1778 war anfänglich ein ziemlich rasches, weil trotz
84 1776 1014 1823 aller erdenklichen getroffenen Sicherheitsmaßnahmen
84 1821 1018 1871 doch mit der Möglichkeit einer Übeltat gerechnet
84 1865 1015 1916 wurde. Nach einiger Zeit erteilte jedoch Se. k. und k.
83 1914 1015 1961 Hoheit den ausdrücklichen Befehl, sehr langsam zu
84 1959 1011 2003 fahren, um sich alles genau ansehen zu können. Bald
83 2004 1014 2051 darauf wurde auf dem Appelkai vom Trottoir
84 2049 1014 2096 unmittelbar rechts des Autos ein kleiner Gegen-
83 2094 1014 2144 stand auf das Auto entweder mit sehr schwacher
83 2139 1014 2189 Ladung abgeschossen oder nur geworfen, der
84 2187 1014 2234 hinter dem Rücken Ihrer Hoheit vorbeiflog. Gleich
84 2232 1014 2279 hienach wurde an derselben Stelle eine Bombe auf
84 2274 1018 2327 das Auto geworfen, die hinter demselben auf den
82 2322 1014 2369 Boden fiel und nach kurzer Pause explodierte. Von
82 2367 1014 2414 den Insassen war niemand getroffen worden, und das
82 2412 1015 2462 Auto mit Sr. k. und k. Hoheit setzte daher seine
83 2457 1014 2507 Fahrt um so mehr fort, als auch das nächste Auto
82 2502 1011 2552 weiterfuhr, man also vorne der Meinung war,
82 2550 1011 2597 es sei überhaupt nichts geschehen. Bald darauf
82 2595 1011 2642 sah man jedoch das folgende Auto anhalten und
82 2640 1011 2687 dessen Insassen aussteigen; daraufhin blieb auch das
82 2685 1012 2735 Auto Sr. k. und k. Hoheit vorübergehend stehen. Es
82 2730 1011 2780 ergab sich, daß im zweiten Auto das Mitglied des
82 2775 1008 2825 freiwilligen Automobilkorps Graf Boos-Waldeck
81 2820 1005 2870 und der Flügeladjutant des Landeschefs F3M.
84 2868 1008 2918 Potiorek, Oberstleutnant von Merizzi, leicht ver-
81 2913 1008 2963 wundet waren und daß deren Auto schwer beschädigt
81 2958 1008 3008 war. Auch das Auto mit Sr. k. und k. Hoheit wies
81 3006 1002 3053 zahlreiche kleine Löcher auf, war aber voll aktionsfähig.
1080 81 1964 129 Nach dem durch das Attentat verursachten Auf-
1038 129 1964 176 enthalte wurde in das Rathaus weitergefahren. Nach
1038 171 1962 221 dessen Besichtigung erklärte Se. k. und k. Hoheit, und
1037 219 1965 266 bedingt in das Garnisonspital fahren zu
1036 264 1965 314 wollen, um den Oberstleutnant von Merizzi zu be-
1036 312 1965 359 suchen, obgleich bereits die telephonische Meldung einge-
1035 357 1962 404 langt war, daß die Verletzung des Oberstleutnants sehr
1035 401 1962 449 leicht und unbedenklich sei. Hievon wurde abgeraten und es
1037 446 1959 495 sollte die Fahrt zum Garnisonspitale nicht auf der pro-
1035 495 1957 545 grammmäßigen Route durch die Franz Joseph-Straße,
1035 540 1957 590 sondern wieder entlang des Appelkais erfolgen,
1035 584 1957 632 weil diese überraschende Fahrtrichtung zweifellos
1034 629 1956 677 sicherer erschien. Hiebei mußte vom Rathause bis
1034 674 1957 725 zur Abzweigung in die Franz Joseph=Straße wieder
1032 720 1956 770 ein kleines Stück des Appelkais benützt werden, auf
1032 767 1957 818 welchem sich nichts anderes ereignete, als daß
1032 813 1957 863 die Zurufe der Volksmenge jetzt geradezu frenetischen
1030 858 1957 908 Jubel zum Ausdrucke brachten und Se. k. und k.
1032 903 1957 953 Hoheit dabei infolgedessen auch eine Bemerkung gegen
1035 951 1957 998 Grafen Harrach machte, weil dieser bei der Weiter-
1035 996 1957 1043 fahrt vom Rathause sich nicht neben den Chauffeur
1035 1041 1957 1091 gesetzt hatte, sondern auf dem linken Wagentritte
1035 1085 1956 1136 stehen geblieben war, um mit seiner Person Se. k. und k.
1035 1133 1767 1181 Hoheit gegen Schüsse von links zu sichern.
1071 1184 1956 1236 Bei der Einmündung der Franz Joseph-Straße
1034 1230 1957 1280 bemerkte man, daß das voranfahrende Auto des
1035 1278 1957 1328 Bürgermeistersin Widerspruch zu der von Sr. k. und k.
1035 1323 1957 1373 Hoheit im Rathause getroffenen Entscheidung in die
1035 1371 1954 1421 Franz Joseph-Straße eingebogen sei. Der Landeschef,
1032 1416 1956 1463 der sich wieder im Auto Ihrer Hoheiten befand, rief dem
1032 1461 1957 1511 Chauffeur des Grafen Boos-Waldeck zu, nicht das Gleiche
1035 1506 1957 1556 zu tun, sondern am Appelkai weiterzufahren. Das
1035 1551 1956 1598 Auto befand sich in diesem Moment knapp am rechts-
1034 1596 1957 1646 seitigen, mit Menschen voll besetzten Trottoir, und
1035 1641 1957 1691 ehe der Chauffeur des langsam fahrenden Autos
1035 1689 1957 1739 die erhaltene Weisung verstanden hatte, fielen knapp
1033 1734 1956 1784 an der rechtsseitigen Autoseite zwei Schüsse, worauf
1033 1779 1956 1829 das Auto stehen blieb. Man hatte abermals
1035 1824 1956 1874 den Eindruck, daß glücklicherweise nichts ge-
1035 1872 1956 1922 schehen sei, weil sowohl Se. k. und k. Hoheit als auch
1033 1917 1956 1967 Ihre Hoheit ruhig aufrecht im Auto saßen. Da jedoch
1035 1962 1956 2009 der Landeschef M. Potiorek unter diesen Um-
1035 2007 1956 2057 ständen absolut nicht weiter durch die Stadt fahren
1035 2052 1956 2102 wollte, befahl er dem Chauffeur, das Auto über
1034 2097 1956 2147 die unmittelbar hinter ihm gelegene Lateiner-
1035 2145 1953 2192 brücke zurückzuschieben, um dann in den in und
1035 2190 1954 2243 mittelbarer Nähe befindlichen Konak zu fahren.
1035 2234 1956 2288 Während des Zurückschiebens über die Brücke sank
1035 2280 1954 2333 Ihre Hoheit die Herzogin gegen Se. k. und k.
1035 2325 1953 2378 Hoheit und gegen den rechten Arm des FrM. Potiorek,
1035 2369 1956 2423 der dies um so mehr für einen durch erlittenen
1035 2417 1954 2471 Nervenchok herbeigeführten Schwäche Anfall hielt,
1034 2461 1956 2516 weil er hörte, daß sowohl Se. k. und k. Hoheit
1033 2507 1956 2562 als auch Ihre Hoheit leise einige Worte
1032 2552 1956 2606 wechselten, die man nicht verstand. Erst als der
1032 2597 1956 2651 Landeschef nach dem Zurückschieben über die Brücke
1031 2645 1956 2699 dem mit der Örtlichkeit nicht vertrauten Chauffeur die
1030 2690 1956 2744 Einfahrtsrichtung in den Konak gezeigt hatte und sich
1029 2735 1953 2789 dann abermals nach Sr. k. und k. Hoheit umsah,
1029 2780 1956 2837 bemerkte er im offenen Munde des noch immer ruhig
1029 2825 1956 2879 aufrecht sitzenden Erzherzogs Blut. Als das
1029 2870 1956 2927 Auto vor der Freitreppe des Konaks anhielt, war
1029 2921 1956 2972 Ihre Hoheit die Herzogin sichtlich vollständig
1026 2962 1956 3018 bewußtlos, und als Ihre Hoheit aus dem Auto ge-
1029 3010 1956 3063 hoben wurde, sank auch Se. k. und k. Hoheit im
1987 83 2916 141 Auto nieder. Ärztliche Hilfe war zur Stelle, dieselbe
1987 132 2913 185 vermochte jedoch an den beiden eiligst in die Wohn-
1987 177 2913 230 räume des Landeschefs getragenen Hoheiten wohl
1986 222 2914 278 die Art der Verletzungen zu konstatieren, konnte
1986 270 2913 323 jedoch die Hoheiten nicht mehr zum Bewußtsein
1986 315 2913 368 bringen. Bei Sr. k. und k. Hoheit, dem die
1986 363 2913 413 Halsschlagader durchschossen war, wurde nach ungefähr
1986 408 2913 458 einer Viertelstunde der Eintritt des Todes
1986 452 2913 506 festgestellt, und wenige Minuten später geschah das
1986 497 2910 551 gleiche bei Ihrer Hoheit der Herzogin, die einen Schuß
1985 542 2439 594 durch den Unterleib hatte.
2022 596 2911 653 Beide Attentäter sind sofort nach ihrer Schreckenstat
1985 644 2911 698 gefaßt und dabei von der empörten Volksmenge
1986 690 2910 740 fast gelyncht worden. Auch einige der Mit-
1986 734 2910 788 schuld verdächtige Personen wurden sogleich in Haft
1985 779 2910 833 genommen. Die bisherigen Erhebungen haben
1985 824 2910 878 festgestellt, daß beide Attentäter Landes-Ange-
1985 869 2910 923 hörige, serbisch und orthodoxen Glau-
1984 914 2910 968 bens sind. Der erste derselben, der das ver-
1984 961 2910 1013 gleichsweise glücklich abgelaufene Bombenattentat
1984 1004 2910 1061 vollführte, hat gestanden, vor kurzer Zeit in
1984 1052 2910 1106 Belgrad gewesen zu sein und dort Bomben
1984 1097 2910 1151 zu dem ausdrücklichen Zweck eines Attentats
1984 1142 2907 1196 auf Se. k. und k. Hoheit erhalten zu haben.
1984 1190 2910 1241 Der zweite, leider erfolgreiche Attentätter ist ein Mittel-
1983 1236 2911 1289 schüler, der ebenfalls lange Zeit in Belgrad geweilt
1983 1281 2910 1334 hat. Er ist erst vor drei Monaten aus Belgrad in ein
1983 1329 2912 1382 Dorf in der Nähe von Sarajevo zurückgekehrt und hat
1983 1374 2910 1427 eingestanden, daß er seit seiner Rückkehr den Vorsatz
1983 1422 2911 1475 gehabt habe, irgend eine hochstehende Person mit seinem
1983 1467 2910 1520 Revolver zu erschießen, um auf diese Weise die ser-
1983 1512 2911 1568 bische Nation für angebliche Unterdrückung zu rächen.
1983 1560 2911 1613 Er habe die heutige Fahrt Sr. k. und k. Hoheit als
1986 1605 2911 1658 einen geeigneten Moment zur Ausführung seines Vor-
1986 1650 2911 1706 satzes angesehen und sich zu diesem Zweck an die
1983 1697 2911 1754 Ecke des Appelkais und der Franz Joseph-Straße
1983 1745 2911 1799 gestellt, weil er gewußt habe, daß Se. k. und k.
1983 1791 2910 1844 Hoheit an dieser Ecke zweimal vorbeifahren werde. Er
1983 1836 2910 1889 habe sich dabei, um nicht etwa als verdächtig vorher
1983 1884 2910 1934 verhaftet zu werden, absichtlich zwischen zwei ihm be-
1983 1929 2905 1985 kannte Studenten gestellt, von denen er gewußt habe,
1983 1973 2910 2030 daß auf sie kein Verdacht fallen werde. Von dem
1982 2019 2910 2075 Bombenattentate des serbischen Typographen will der
1983 2067 2910 2123 serbische Student nichts gewußt haben und eben
1983 2112 2910 2168 wegen seiner Überraschung durch das Bombenattentat
1983 2159 2908 2216 nicht schußfertig gewesen sein, als Se. k. und k. Hoheit
1983 2204 2868 2262 die früher erwähnte Ecke das erste Mal passiert hat.
2016 2261 2909 2321 In maßgebenden Kreisen herrscht die Überzeugung,
1983 2306 2909 2360 daß die Ausübung derartiger Attentate durch bos-
1986 2351 2909 2408 nische Landesangehörige ganz ausgeschlossen gewesen
1983 2396 2909 2453 wäre, wenn nicht durch geraume Zeit in lange be-
1983 2444 2909 2501 kannter Weise in dem loyalen serbisch-orthodoxen Teile
1981 2492 2909 2546 der hiesigen Bevölkerung vom Ausland aus in maß-
1981 2537 2908 2591 loser Weise agitiert und geschürt und dies besonders
1981 2581 2908 2636 bei der Mittelschuljugend und den Sozia-
1981 2629 2907 2684 listen serbisch-orthodoxen Glaubens
1981 2677 2429 2729 verführend wirken würde.
2010 2737 2908 2799 Die Leichen Sr. k. und k. Hoheit und Ihrer
1980 2788 2908 2843 Hoheit der Herzogin wurden im Konak provisorisch
1980 2833 2907 2888 aufgebahrt und werden daselbst bleiben, bis der hier
1980 2879 2907 2933 befindliche Obersthofmeister Sr. k. und k. Hoheit Frei-
1980 2927 2907 2981 herr von Rumerskirch vom Ersten Obersthof-
1980 2971 2907 3027 meister Sr. Majestät aus Wien weitere Befehle er-
129 96 970 194 Neueste Nachrichten.
1980 3019 2067 3066 hält.
177 4214 1029 4272 Verantwortlicher Redakteur: Dr. Emil Löbl.
2019 4232 2792 4295 Druckerei der kaiserlichen „Wiener Zeitung“.
