3053 4599
168 235 799 283 Dienstag, den 28. Dezember 1915.
2406 234 2892 278 Wiener Abendpost Nr. 296.
495 336 678 387 Rußland.
318 398 843 446 Admiral Phillimore.
169 453 576 504 Paris, 27. Dezember.
168 496 1044 548 Der „Temps“ meldet: Der englische Konter-
120 541 1044 593 Admiral Phillimore, früher Leiter des Transport-
121 589 1044 638 wesens für die Dardanellen, begab sich an der Spitze
123 631 1044 683 einer englischen Marinekommission nach Sebastopol
123 679 909 728 und Nikolajeff zur Besichtigung beider Häfen.
508 798 657 856 Türkei.
261 862 900 912 Finanzielle Maßnahmen.
168 915 747 966 Konstantinopel, 27. Dezember.
134 961 1043 1010 Die Regierung brachte in der Kammer einen
120 1006 1041 1055 Gesetzentwurf ein, worin sie ermächtigt wird,
120 1052 1043 1100 in Deutschland einen Vorschuß von 20 Millionen
123 1099 480 1145 Pfund aufzunehmen.
165 1145 1042 1190 Die Kammer und der Senat genehmigten im
120 1190 1042 1236 dringlichen Wege die Gesetzentwürfe, mit welchen die
120 1235 1042 1280 von der Regierung beschlossenen Maßnahmen zur
120 1277 1042 1325 Behebung der infolge des Kleingeldmangels ent-
120 1324 909 1373 standenen Schwierigkeiten gutgeheißen werden.
162 1373 741 1418 Konstantinopel, 27. Dezember.
165 1414 1042 1463 Das Amtsblatt veröffentlicht ein Gesetz, womit die
118 1460 1041 1508 Regierung zur Ausgabe von 6 Millionen Pfund
118 1507 1041 1553 Kassenscheinen ermächtigt wird, deren Gegenwert kraft
118 1549 1041 1601 des früher mit Deutschland abgeschlossenen Überein-
117 1597 1041 1646 kommens in deutschen Schatzscheinen bei der türkischen
117 1642 792 1691 Staatsschuldenverwaltung hinterlegt ist.
300 1716 854 1767 Postanweisungsverkehr.
162 1770 738 1818 Konstantinopel, 27. Dezember.
162 1813 1041 1862 Die Postdirektion kündigt an, daß am 1. Februar
114 1861 1041 1911 der Postanweisungsverkehr mit Österreich-Ungarn,
117 1905 1041 1955 Deutschland, der Schweiz, den Niederlanden, Skan-
114 1950 822 2000 dinavien und Bulgarien beginnen werde.
348 2075 804 2149 Kleine Chronik.
411 2159 744 2204 Wien, 28. Dezember.
162 2224 1040 2277 Se. k. und k. Hoheit der durchlauchtigste Herr
112 2278 1041 2331 Erzherzog Hubert Salvator ist heute früh
111 2334 408 2382 hier eingetroffen.
672 2413 1041 2483 Kaiser Wilhelm.)
120 2469 462 2516 Der Wiener M
858 2471 1041 2519 der
119 2512 1041 2564 „Schubert-Bund und der Gesangverein
112 2557 504 2607 österreichischen
561 2560 1041 2609 Eisenbahnbeamten
116 2603 1041 2654 haben sich in dem Bestreben vereinigt, dem treuen
114 2648 1041 2702 Bundesgenossen unseres erhabenen Monarchen,
117 2692 1041 2744 Sr. Majestät dem Deutschen Kaiser Wilhelm II.
116 2740 1041 2789 zu dessen Geburtstag eine Huldigung in Tönen dar-
113 2786 1041 2834 zubringen, gleichwie die bedeutendsten Gesangvereine
117 2830 1041 2882 Deutschlands am letzten Geburtsfeste Sr. Majestät des
114 2878 1041 2927 Kaisers Franz Joseph ähnliche Feierlichkeiten
114 2923 1041 2972 veranstalteten. Diese Huldigungsfeier, deren Er-
114 2968 1041 3017 trägnis dem Deutschen Roten Kreuze zufließt, findet
114 3013 1041 3062 am Montag, den 24. Jänner 1916, im großen
117 3058 1041 3110 Saale des Wiener Konzerthauses statt. Bisher hat
117 3103 1041 3155 Geheimrat Wilhelm Burmester eine Einladung zur
117 3149 564 3197 Mitwirkung angenommen.
162 3201 1041 3255 (Ehrung.) Gestern beging der hochw. Ehren-
114 3250 1041 3300 domherr und Pfarrer an der Pfarrkirche von Alt-
114 3295 1041 3345 Ottakring Msgr. Johann Pax, Ritter des Franz
116 3340 1041 3390 Joseph-Ordens und Besitzer des Goldenen Verdienst-
114 3385 1041 3438 kreuzes mit der Arone, sein 70. Wiegenfest.
113 3433 1041 3482 In der Kirche wurde ein feierliches Hochamt ab-
113 3478 1041 3530 gehalten, dem Statthaltereirat Freiherr von Klezl,
117 3523 1041 3572 Stadtrat Gräf, die Schwester Sr. Exzellenz des Herrn
114 3568 1041 3617 Finanzministers Frl. von Leth und andere Persönlich-
114 3613 429 3659 keiten beiwohnten.
161 3666 1041 3720 (Franz Keim.) Der oberösterreichische Dichter
114 3715 1041 3767 Franz Keim, der heute jenen 75. Geburtstag
114 3760 1041 3809 begeht, wird mit Unrecht vielfach den Schiller-Epigonen
114 3805 1041 3855 zugezählt. Wohl hat er mit ihnen gewisse Berührungs-
114 3850 1041 3899 punkte gemeinsam, aber diese sind rein äußerlicher
114 3896 1041 3947 Natur; durch seine Bodenständigkeit, die Naivität der
117 3944 1041 3992 Empfindung und des Gestaltens sowie durch sein
117 3986 1041 4037 inniges Hinstreben zum Volke entfernt sich Keim weit
114 4031 1041 4082 von jenen akademischen Dramatikern, die jeder
114 4076 1041 4127 Berührung mit dem Leben und dem Volke ängstlich
114 4124 1041 4172 aus dem Wege gingen. Schon die Lektüre seiner Selbst-
114 4168 1041 4220 biographie, die dem mit Keim nicht vertrauten Leser
114 4216 1041 4265 zuerst zu empfehlen ist, läßt uns in ihrer epischen
114 4264 1041 4313 Breite, der schlichten humorvollen Darstellung das
117 4308 1041 4361 eigentliche Wesen des Dichters erkennen, der freilich
114 4357 1041 4406 infolge der Anknüpfung an eine unglückselige literarische
114 4402 1041 4451 Tradition und infolge ungünstiger Zeitverhältnisse nicht
165 2424 336 2470 (Huldig
1068 310 1988 359 zur völligen Entfaltung seiner Kräfte kam. So sind
1068 359 1988 404 auch ihm trotz der Förderung hervorragender Männer
1068 404 1988 449 seiner Zeit Mißerfolge und Verkennung seiner
1068 448 1988 497 Leistungen nicht erspart geblieben. Dennoch hat er,
1068 493 1988 542 der 1840 zu Alt-Lambach geboren wurde und wie
1068 541 1988 587 mancher Österreicher den Beruf des Lehrers und Dichters
1068 587 1988 635 vereinigte, als echter Idealist den Glauben an sich
1068 632 1986 677 nicht verloren und sich bis in das hohe Alter den
1068 676 1986 725 offenen heiteren Sinn, die Ungebrochenheit des Geistes
1068 722 1986 770 und das Herz der Jugend zu bewahren gewußt.
1068 767 1986 815 Seinem „Landl“, mit dem ihn das innigste Band, die
1067 814 1986 863 Liebe zur Heimatscholle, verbindet, setzte er in der
1068 859 1983 908 epischen Dichtung „Stephan Fadinger“ ein einzige
1068 904 1986 953 artiges Denkmal und gab damit vielleicht sein bestes
1068 951 1986 1001 Werk. In zweiter Linie beruht die Bedeutung
1067 997 1987 1047 Keims auf seiner Lyrik. Hier sind jene
1068 1042 1986 1092 Gedichte am höchsten zu stellen, in denen sein Ver-
1067 1087 1986 1136 hältnis zur Heimat und die Liebe zu seinem Volke
1066 1132 1987 1184 Ausdruck finden. Seine nationalen „Heroldslieder“,
1066 1177 1987 1229 die Sammlung „Aus dem Sturmgesang des Lebens“,
1066 1226 1987 1271 die eine poetische Selbstbiographie des Dichters dar-
1068 1271 1987 1319 stellt, und seine Dialektdichtungen nehmen im deutsch-
1066 1315 1987 1364 österreichischen Schrifttum einen Ehrenplatz ein. Der
1066 1360 1987 1409 Dramatiker, der 1875 mit seiner „Sulamith“ erfolgt
1066 1408 1987 1457 reich debütierte und trotz aller Mißerfolge mit einem
1066 1453 1987 1502 schönen Idealismus ausharrte, betrat mit dem
1066 1499 1986 1547 Stücke „Der Schmied von Rolandseck“ zuerst das
1066 1544 1986 1592 Gebiet des Volksschauspiels, das seine eigent-
1066 1589 1986 1637 liche Domäne wurde und auf dem er mit der
1067 1637 1987 1685 „Spinnerin am Kreuz“ seinen größten Bühnenerfolg
1065 1682 1986 1730 errang. Im Drama hohen Stiles bewies er vor
1065 1724 1986 1775 allem mit „Mephistopheles in Rom“ und den
1074 1771 1986 1820 „Amelungen“ ein sehr beachtenswertes Können. Bald
1065 1816 1986 1865 nach seinem 70. Geburtstage hat Keim mit der
1065 1861 1986 1910 Herausgabe seiner gesammelten Werke (fünf Bände,
1065 1906 1986 1956 Verlag G. Müller, München) seinem Volk ein
1065 1954 1986 2004 würdiges Geschenk gemacht. Möge der Lebensabend
1065 1999 1986 2048 des Dichters, der dem deutschen Volk in Österreich
1065 2044 1986 2093 stets voll warmer Liebe als Sänger zur Seite stand
1065 2092 1986 2141 und ihm in Werken wahrer Volkskunst gesunde Bahnen
1065 2137 1776 2184 wies, reich an Ehren und Freuden sein!
1575 2185 1943 2235 Dr. J. K. Ratislav.
1104 2241 1989 2298 (Vaso Gjurgjevies.) In Agram ist
1064 2290 1989 2340 gestern im Alter von 71 Jahren der langjährige ehe-
1064 2338 1990 2387 malige Präsident des kroatischen Landtages Vaso
1065 2380 1989 2432 Gjurgevics gestorben. Geboren in Esseg im
1064 2428 1989 2477 Jahre 1844, absolvierte er die juridischen Studien
1065 2474 1993 2525 in Budapest und begann die Beamtenlaufbahn
1064 2519 1990 2570 beim Landesgerichte seiner Vaterstadt. Später widmete
1064 2564 1989 2615 er sich vollständig der politischen Tätigkeit. Im Jahre
1065 2609 1990 2660 1875 wurde Vaso Gjurgjevics im Bezirke Dalja als
1065 2654 1989 2705 Anhänger der Nationalpartei zum Landtagsabgeordneten
1065 2702 1990 2750 gewählt. Bis zum Jahre 1906, als die National-
1065 2747 1987 2798 partei ihre Mehrheit bei den Neuwahlen einbüßte,
1065 2792 1990 2843 blieb er ohne Unterbrechung Mitglied des kroatischen
1063 2836 1987 2888 Landtages. Im Jahre 1878 wurde er in den
1063 2884 1986 2933 ungarischen Reichstag entsendet. Im Jahre 1884
1063 2930 1986 2978 wurde er zum Vizepräsidenten, im Jahre 1893
1063 2975 1983 3026 zum Präsidenten des kroatischen Landtages ge-
1063 3020 1986 3071 wählt. Dieses Ehrenamt versah er durch volle zwölf
1063 3064 1987 3116 Jahre. Durch 31 Jahre war der nun Verblichene
1063 3109 1986 3161 Mitglied des kroatischen Landtages und durch
1063 3154 1987 3209 28 Jahre Mitglied des ungarischen Reichstages.
1063 3203 1986 3251 Außerdem widmete er sich mit Eifer den Gemeinde-
1063 3247 1986 3299 angelegenheiten seiner Vaterstadt Esseg, deren
1063 3292 1983 3344 Gemeinderat er ein Vierteljahrhundert lang angehörte.
1062 3337 1986 3389 Im Jahre 1897 wurde er von Sr. Majestät
1062 3385 1986 3434 mit dem Komturkreuz des Franz Joseph-Ordens mit
1062 3431 1986 3479 dem Sterne ausgezeichnet. Dr. Vaso Gjurgjevies war
1062 3475 1986 3527 ein überzeugter Unionist, als solcher ein eifriger
1062 3520 1986 3569 Anhänger des Grafen Khuen-Hedervary. Seit dem
1062 3565 1986 3615 Jahre 1906 hatte er sich vom politischen Leben
1062 3613 1296 3659 zurückgezogen.
1095 3674 1987 3731 (Märchenvorlesung Harry Walden.) Im mittleren
1059 3723 1984 3776 Konzerthaussaale hat gestern mit einer Märchenvorlesung
1065 3768 1987 3821 für groß und klein Hofschauspieler Harry Walden
1068 3816 1986 3866 einen Hörern viel Vergnügen bereitet. Er hat Andersen
1065 3861 1983 3908 gelesen. Die lieben, gescheiten, herzenswarmen und tief-
1065 3905 1983 3956 sinnigen Lebensbilder sind uns aus den Kindheitstagen
1064 3950 1983 4001 wohlbekannt. „Die Stopfnadel“, „Der standhafte Zinnsoldat“,
1065 3998 1983 4046 „Der Halskragen“, „Zwölf mit der Poſt“ und anderes
1064 4043 1985 4091 zogen da vorüber. Herr Walden hat wirklich gelesen; er
1065 4088 1983 4136 schauspielerte nicht, machte das Epische Andersens nicht zum
1063 4133 1983 4181 Text für das Solospiel eines Stars. Er hielt sich verständnis-
1063 4178 1984 4229 voll und künstlerisch fühlend an die Natur des Dichters, las
1063 4223 1984 4274 wirklich mit Schlichtheit, kluger Lehrhaftigkeit und Menschen-
1063 4271 1984 4319 liebe. Ganz treu dem Märchensinn Andersens, der das Leblose
1062 4319 1984 4367 mit Gefühl und Verstand belebt, las er die mehr oder
1062 4364 1983 4415 minder versteckten Symbolisierungen der menschlichen Schicksale.
1062 4409 1983 4457 Sehr hübsch gelang in diesem Sinne „Der standhafte Zinn-
2016 309 2934 356 soldat“; voll schalkhaften Humors, belebt von Bonvivant-
2010 354 2934 401 temperament, geriet die Geschichte vom ruhmredigen Hals-
2010 398 2934 446 kragen; malerisch, kunstvoll abgestimmt, erschienen die zwölf
2010 443 2934 491 Kalenderhelden vor unserer Phantasie, und lustig, ein wenig
2010 491 2938 539 boshaft, plauderte Walden das Geschichtchen von der Prinzessin
2013 536 2934 584 und der Erbse aus. Der frische, heitere und sorglose Jugend-
2012 581 2934 629 sinn, den der Vorleser zu verbreiten wußte, gab der
2010 626 2934 674 Märchenstimmung das richtige Echo; er trat den Großen
2008 672 2933 722 und Kleinen nicht als Herr Hofschauspieler, sondern kurzweg
2008 716 2932 767 als jugendlich munterer, liebenswürdig anmutiger Harry,
2008 761 2931 809 der Märchenerzähler, entgegen. Das Publikum zollte dem
2008 805 2463 855 Künstler rauschenden Beifall.
2049 864 2931 915 (Weihnachtsbescherung auf der öster-
2007 912 2931 963 reichisch-ungarischen Gesandtschaft
2007 957 2931 1008 in Bukarest.) Aus Bukarest, 27. Dezember,
2007 1003 2931 1053 wird gemeldet: Gestern fand in Anwesenheit des öster-
2007 1048 2931 1098 reichisch-ungarischen Gesandten Grafen Czernin und
2008 1093 2931 1143 des österreichisch-ungarischen Konsuls Freiherrn von
2008 1138 2931 1188 Bornemisza die von der österreichischen und un-
2009 1183 2928 1232 garischen Kolonie anläßlich des Weihnachtsfestes all-
2013 1228 2931 1280 jährlich veranstaltete Bekleidung armer Kinder statt.
2010 1273 2931 1325 Trotzdem die Kolonien und ihre Freunde durch Kriegs-
2010 1321 2931 1370 spenden aller Art stark in Anspruch genommen
2010 1366 2931 1418 worden sind, wurde für arme Kinder, deren Väter sich
2010 1414 2931 1463 zum großen Teil im Felde befinden, heuer ein größerer
2010 1459 2844 1509 Betrag aufgebracht als in den früheren Jahren.
2043 1554 2928 1604 (Wetter.) Die Vorhersage lautet: Trüb, zeitweise Regen
2010 1591 2505 1637 warm, lebhafte westliche Winde.
2277 1694 2667 1750 Theater und Kunst.
2046 1762 2931 1811 (Volksoper.) Eine Neubesetzung von „Mignon“
2010 1809 2934 1856 nötigt zu ein paar Bemerkungen. Die Duldung, die sich
2010 1854 2938 1901 auf verstorbene Tondichter aus dem feindlichen Auslande
2010 1898 2934 1946 erstreckt, muß nicht auf Werke ausgedehnt werden, die schon
2010 1943 2937 1991 gründlich veraltet sind, wie die französische Parodie auf das
2010 1988 2938 2042 Goethesche Meisterwerk, zu der Thomas seine allzu gefällige
2010 2036 2937 2087 Musik geschrieben hat. Sie immer wieder in den Spielplan
2010 2081 2934 2132 deutscher Bühnen zu zwängen, ließe sich nur durch Heran-
2010 2126 2934 2174 ziehung bedeutender Darsteller und berühmter Kehlen-
2010 2171 2937 2222 virtuosinnen rechtfertigen. Dies ist auf der Währinger
2010 2216 2938 2270 Bühne nicht der Fall. Aber Frl. Weiner besitzt
2010 2261 2935 2315 außer ihrer hübschen Altstimme genügend Rasse, um die
2010 2306 2937 2357 Titelrolle glaubwürdig zu gestalten, und Herr Mano-
2010 2351 2935 2405 ward mit seinem saftigen Basse predigt eindringlich
2010 2399 2937 2450 Sehnsucht und Leiden des Lothario. An Stelle einer
2010 2444 2937 2495 Koloratursängerin erledigt jetzt die anmutige Soubrette des
2010 2490 2934 2540 Theaters Frl. Wagschal die Fiorituren, Triller sowie
2010 2535 2934 2585 alle übrigen gesanglichen und darstellerischen Koketterien der
2010 2580 2937 2630 Philine mit lobenswertem Eifer; im übrigen wird die
2010 2624 2938 2678 Undeutlichkeit ihrer Aussprache peinlich empfunden. Den
2010 2669 2937 2720 Wilhelm Meister gibt wie bisher Herr Noe als Natur-
2010 2717 2938 2768 burschen, auch gesanglich. Für musikalische und rhythmische
2010 2759 2935 2813 Genauigkeit sorgte Kapellmeister Stermich mit einer
2010 2811 2901 2858 Hingebung, die einer besseren Sache würdig war. st.
2040 2900 2934 2951 Im Hofburgtheater gelangt Donnerstag, den
2008 2942 2935 2996 30. d. M., das fünfaktige Trauerspiel „Ein treuer
2008 2987 2937 3038 Diener seines Herrn“ von Grillparzer zur Auf-
2010 3032 2936 3089 führung. Es wirken mit die Herren Blum, Gehrs, Gimnig,
2010 3080 2939 3134 Haeussermann, Heller, Herterich, Höbling, Moser, Müller,
2010 3122 2934 3176 Paulsen, Rub, Schmidt, Schott, Seydelmann, Siebert und
2008 3168 2931 3221 Wiesner, die Damen Bleibtreu, Burg, Medelsky und Wilke.
2008 3216 2364 3263 Anfang sieben Uhr.
2037 3262 2931 3313 Die Direktion der Hofoper macht aufmerksam, daß
2007 3302 2931 3349 heute nacht sieben Minuten nach dem Fallen des Vorhanges
2007 3338 2920 3388 im letzten Akte der „Meistersinger von Nürnberg“
2010 3374 2896 3421 Straßenbahnzüge nach allen Richtungen verkehren werden.
2040 3419 2931 3466 In Marburg an der Drau ist der Tondichter Rudolf
2007 3456 2931 3505 Wagner im Alter von 64 Jahren gestorben. Er war ein
2007 3492 2931 3541 geborner Wiener, besuchte das Konservatorium in Wien,
2007 3527 2931 3574 wurde Militärkapellmeister und schließlich Theaterkapell-
2007 3563 2931 3610 meister in Marburg, wo er sich dauernd niederließ und mehr
2007 3602 2931 3646 als dreißig Jahre wirkte. Seit 1882 war er auch Chor-
2007 3638 2931 3685 meister des Marburger Männergesangvereines; hauptsächlich
2007 3675 2931 3721 seine Chorwerke haben ihm nicht nur in Österreich, sondern
2007 3710 2931 3760 auch in Deutschland und Amerika einen angesehenen Namen
2007 3745 2157 3790 verschafft.
2040 3791 2931 3841 Der New-Yorker „Herald“ meldet, daß ein großes
2008 3827 2931 3877 Deckengemälde des französischen Malers Paul Albert
2008 3866 2931 3913 Besnard verschwunden ist. Es stellt eine Allegorie des
2013 3902 2928 3949 „Friedens“ dar. Die französische Regierung hatte es nach
2008 3939 2928 3985 Amerika für eine am 2. Jänner 1916 zu eröffnende
2008 3975 2928 4021 Ausstellung geliehen. Es kam am 25. d. M. mit dem
2008 4011 2928 4057 Dampfer „Espanian“ an. Es war im Pear der Trans-
2008 4047 2929 4096 atlantic Company zuletzt untergebracht geweſen. Man nimmt
2009 4086 2929 4132 an, daß es gestohlen wurde. Das Bild war mit 20.000 Pfund
2009 4122 2929 4168 versichert. Besnard ist einer der bedeutendsten modernen
2009 4158 2928 4204 Maler Frankreichs, obwohl in den letzten Jahren sein Ruhm
2009 4194 2929 4243 ein wenig zu verblassen schien. Seine dekorativen großen Arbeiten
2010 4232 2931 4279 im Senatsgebäude, im Pariser Rathause und namentlich
2010 4268 2931 4315 in der Ecole pharmacologique sichern ihm einen hervor-
2010 4306 2931 4354 ragenden Platz in der Geschichte der Kunst des vorigen
2010 4343 2931 4390 Jahrhunderts. Vor allem ist er Kolorist, Guminist. Schwierige
2010 4379 2931 4426 Beleuchtungseffekte locken ihn zu ihrer Bezwingung. Seine
2010 4415 2931 4462 Phantasie geht immer von üppigen Licht- und Farbenspielen
