3053 4599
101 178 598 228 Wiener Abendpost Nr. 296.
2189 174 2817 228 Dienstag, den 28. Dezember 1915.
48 258 969 308 aus. Von seinen Reisen in Indien und Spanien hat
45 294 969 344 er viele glutvoll aufleuchtende, strahlende Tafeln heim-
44 333 969 386 gebracht, von denen auch Einiges vor dem Kriege bei uns
44 368 972 419 in Wien in der „Sezession“ ausgestellt war. Der Künstler
45 410 540 455 steht heute im 66. Lebensjahre.
411 509 609 568 Lokales.
83 577 969 625 (Der Raubmord in der Danhausergasse.) Wie schon
51 615 969 661 gemeldet, hatte bei der ermordeten Frau Zavrzel der
48 651 969 698 Buchhalter Kajetan Hermann gewohnt, der im vorigen
50 687 970 734 Jahr einrücken mußte. Er hatte Frau Zavrzel außer seinem
49 723 969 770 Koffer mit Kleidern und Wäsche auch eine eiserne Kassette
49 762 969 806 übergeben, die der Raubmörder aus dem Kasten genommen
49 798 969 842 und geraubt hat. Den Inhalt der Kassette kannte man nicht
50 834 969 881 genau, und deshalb hat sich das Sicherheitsbureau
50 870 970 914 an Hermanns Truppenkörper mit der Bitte gewendet,
50 905 972 953 Herrn Hermann bezüglich des Inhaltes der Kassette
50 941 972 986 einzuvernehmen. Gestern abend ist aus dem Felde die
51 977 972 1022 Antwortdepesche eingetroffen, die als den Inhalt der
51 1013 972 1058 Kassette angibt: ein Einlagebuch der Anglo-österreichischen
51 1049 972 1094 Bank, Filiale Favoritenstraße, Buch II Nr. 364 auf eine
52 1086 973 1133 Einlage von 1776 Kronen, eine goldene und eine silberne Uhr-
53 1122 972 1169 tette, ein goldener Ring, eine Sportkeite, zwei Zigaretten-
53 1161 974 1205 ofen, vier Lose, Versicherungsurkunden, ein Krankenkassen-
54 1196 751 1244 buch, Schulzeugnisse und Personaldokumente.
90 1241 972 1286 (Pelzdiebstahl.) Aus einer Eilgutsendung, die am
54 1278 972 1322 7. d. M. in Budapest aufgegeben worden ist, sind auf dem
48 1317 975 1361 Wege hieher von unbekannten Tätern drei Silbersuchspelze
54 1353 774 1394 im Werte von 7100 Kronen gestohlen worden.
237 1463 780 1538 Neueste Nachrichten.
51 1537 969 1594 (Meldungen des k. k. Telegraphen-Korreſpon-
354 1589 669 1642 denz-Bureaus.)
381 1666 645 1727 Der Krieg.
66 1740 942 1795 Mitteilungen des k. und k. Generalstabes.
87 1805 489 1854 Wien, 28. Dezember.
87 1861 542 1911 Amtlich wird verlautbart:
99 1915 494 1966 „28. Dezember 1915.
1029 254 1917 307 Am Hirzstein erfolgte heute früh ein französischer
993 312 1863 360 Vorstoß; nähere Meldungen liegen noch nicht vor.
1032 363 1917 414 Reger Zugsverkehr auf dem Bahnhof Soissons
994 420 1917 472 wird von unserer Artillerie beschossen. Die Franzosen
996 474 1917 526 haben seit kurzem das in unmittelbarer Nähe des
999 528 1917 580 Bahnhofs liegende Hospital, anscheinend zum Schutze
995 581 1917 634 des Bahnhofs, mit Rote-Kreuz-Flaggen versehen.
996 635 1917 691 Zufallstreffer in das Hospital sind bei der Nähe des
999 692 1695 745 selben zum Bahnhof nicht ausgeschlossen.
1152 758 1752 807 Östlicher Kriegsschauplatz.
1041 813 1917 864 An der Beresina sowie nordwestlich von
999 867 1917 918 Czartorijsk und bei Berestiany wurden russische
999 922 1581 972 Erkundungsabteilungen abgewiesen.
1191 984 1727 1038 Balkankriegsschauplatz.
1038 1040 1491 1086 Die Lage ist unverändert.
1464 1096 1863 1146 Oberste Heeresleitung.“
1214 1167 1694 1221 Unterseebootkrieg.
1032 1221 1476 1269 London, 27. Dezember.
1032 1267 1917 1317 Lloyds meldet, daß von den Passagieren und der
996 1312 1917 1365 Besatzung des versenkten französischen Dampfers „Ville
996 1357 1785 1407 de la Ciotat“ 80 ums Leben gekommen sind.
1038 1403 1916 1452 Der britische Dampfer „Yeddo“ aus Glasgow
996 1448 1916 1500 (4552 Bruttokonnen) ist versenkt worden. Die Be-
996 1496 1392 1542 satzung wurde gerettet.
1032 1537 1914 1590 Der britische Dampfer „Cottingham“ (513 Tonnen)
996 1586 1915 1638 ist versenkt worden. Sieben Mann der Besatzung
992 1631 1278 1680 wurden gerettet.
1038 1674 1911 1725 Der belgische Dampfer „Ministre Beernaert“
996 1722 1914 1770 (4215 Bruttotonnen) ist versenkt worden; sieben Mann
996 1767 1533 1815 der Besatzung wurden gerettet.
1938 257 2862 312 Äußern das lebhafte Bedauern seiner Regierung an-
1941 301 2862 360 läßlich der „Argo“ Angelegenheit ausgedrückt hat. Auch
1941 349 2863 405 radikale Blätter, mit „Sozialdemokraten“ an der Spitze,
1941 395 2862 447 heben hiebei hervor, wie sehr sich die Deutschen, die
1941 440 2864 495 so schnell einen Fehler zugestehen, von den Engländern
1942 485 2865 540 unterscheiden, die schwer verstehen, was die schwedische
1944 530 2274 579 Stimmung fordert.
2301 617 2505 669 Dänemart.
1959 674 2841 732 Versammlungsverbot für die ameri-
2073 723 2731 777 kanische Friedensexpedition.
1984 774 2502 826 Kopenhagen, 27. Dezembe
1980 820 2863 876 Wie „Ekstrabladen erfährt, wird der uneri-
1941 868 2868 921 kanischen Friedensexpedition in Kopenhagen verboten
1938 914 2865 966 werden, Versammlungen abzuhalten. Keinem Ameri-
1938 959 2865 1011 kaner wird geſtattet werden, öffentlich oder in
1940 1003 2865 1056 geschlossenen Versammlungen zu sprechen. Das Verbot
1937 1048 2866 1104 gründet ja auf den Beschluß, den die Regierung
1938 1093 2865 1146 nach dem Björnson-Skandal gefaßt hat, wonach es
1938 1138 2863 1197 keinen Ausländer mehr in Kopenhagen erlaubt ist,
1941 1183 2864 1239 Vorträge über Fragen zu halten, die mit dem Kriege
1938 1231 2862 1284 in Verbindung stehen. Das Verbot wird unzweifelhaft
1941 1278 2862 1329 zur Folge haben, daß die Expedition schnellstens
1938 1323 2412 1371 Kopenhagen wieder verläßt.
2322 1403 2466 1463 Türkei.
1958 1469 2842 1521 Hilfsaktion für die Muselmanen in
2292 1515 2505 1563 Serbien.“
1983 1566 2561 1617 Konstantinopel, 27. Dezember.
1985 1612 2863 1668 „Taswir-i-Eskiar“ schildert die Leiden der
1938 1657 2862 1710 mazedonischen und andere Muselmanen während des
1938 1702 2862 1755 Balkankrieges unter der serbischen Herrschaft und
1938 1750 2862 1806 meint, eine Hilfsaktion der bulgarischen Regierung
1938 1795 2861 1851 wäre ungenügend. Das Blatt schlägt vor, daß
1938 1840 2861 1893 Konstantinopel, Wien und Berlin an der Hilfsaktion
1938 1884 2860 1938 teilnehmen, indem sie Missionen des Roten Kreuzes
1938 1933 2859 1983 und des Roten Halbmondes dahin absenden und vor
1938 1977 2859 2028 allem eine Untersuchung über die Lage der Be-
1938 2023 2270 2073 völkerung anstellen.
165 1987 850 2041 Russischer Kriegsschauplatz.
87 2039 969 2092 An der bessarabischen Font und am Dynestr
39 2093 969 2146 nordöstlich von Zaleszczyk wurden gestern wieder-
40 2147 969 2200 holte Angriffe starker pissischer Kräfte blutig ab-
41 2204 970 2257 gewiesen. — Besondere Anstrengungen richtete der
43 2258 970 2314 Feind gegen den Abschnitt zwischen Pruth und
43 2312 969 2365 Waldzone nörzlich Toporoucz. Nach Artil-
45 2363 970 2418 lerievorbereitung, die den ganzen Vormittag anhielt
45 2420 970 2473 und sich stellenweise bis zum Trommelfeuer schwerer
48 2474 969 2524 Kaliber steigekte, erfolgten in den ersten Nachmittags-
46 2528 969 2580 stunden 5 Infanterieangriffe, die abgewiesen wurden.
105 2582 970 2634 Ein anschließender Massenangriff, 15 bis 16 dichte
48 2639 971 2692 Reihen tief, brach im Artilleriefeuer unter schwersten
49 2692 971 2746 Verlusten zusammen. Das gleiche Schicksal hatten die
51 2746 971 2803 feindlichen Angriffe nördlich des Dnjestr. Unsere
51 2801 880 2857 Verluste sind gering. Nachtsüber herrschte Ruhe.
153 2866 861 2920 Italienischer Kriegsschauplatz.
87 2920 971 2974 An der Tiroler Süd- und Südostfront
45 2975 594 3028 dauern die Geschützkämpfe fort.
93 3038 927 3094 Montenegrinischer Kriegsschauplatz.
87 3092 972 3148 Von unseren Kräften verfolgt, zogen sich die
42 3146 972 3202 Montenegriner von Godtjewo nach Bijoca zurück.
43 3203 972 3259 Nächst Kovren wurden drei montenegrinische Geschütze
44 3258 970 3312 modernster Konstruktion von unseren Truppen aus,
45 3312 211 3367 gegraben.
81 3365 919 3421 Der Stellvertreter des Chefs des Generalstabes:
315 3419 682 3469 von Höfer, ML.“
84 3500 952 3560 Mitteilungen des deutschen Generalstabes.
90 3561 510 3617 Berlin, 28. Dezember.
90 3616 639 3674 Das Wolffsche Pureau meldet:
99 3672 969 3731 „Großes Hauptquartier, den 28. Dezember 1915.
195 3735 816 3794 Westlicher Kriegsschauplatz.
84 3790 971 3847 Durch das Feuer eines feindlichen Monitors wurden
42 3847 970 3904 in Westenge-Bad 3 Einwohner, darunter 2 Frauen,
44 3901 174 3955 getötet.
93 3955 972 4012 An der Front entwickelten sich zeitweise lebhafte
48 4012 825 4066 Artillerie-, Handgranaten- und Minenkämpfe.
1167 1867 1773 1928 Griechenland und die Entente.
1035 1937 1848 1992 Athen, 26. Dezember. (Verspätet eingetroffen.)
1038 1983 1913 2037 Heute früh ist Genekal Castelnau aus Saloniki
996 2031 1914 2082 in Athen eingetroffen und vom König in Audienz
996 2076 1329 2125 empfangen worden
1038 2120 1914 2172 Ein Erlaß des Kriegsministers verfügt die Beur-
996 2166 1791 2217 laubung von 10 bis 15 % der Mobilisierten.
1347 2266 1560 2327 Frankreich.
996 2331 1914 2385 Der rumänische Politiker Marghiloman
1338 2380 1578 2427 in Paris.
1035 2430 1503 2478 Mailand, 27. Dezember.
1035 2476 1914 2526 Einer Pariser Meldung des „Corriere della
996 2521 1911 2571 Sera“ zufolge traf der gewesene rumänische Finanz-
996 2566 1911 2616 minister Marghiloman gestern in Paris ein. Gesprächs-
996 2611 1914 2664 weise erklärte Marghiloman, Rumänien habe keinerlei
996 2656 1629 2706 Absicht, seine Neutralität aufzugeben.
1359 2740 1545 2798 Rußland.
1179 2803 1731 2856 Die Moskauer Unruhen.
1032 2856 1620 2907 St. Petersburg, 27. Dezember.
1032 2902 1914 2955 Nach dem „Rußkoje Slowo“ ordnete die Re-
992 2948 1914 3000 gierung an, daß keine gerichtliche Verfolgung gegen
993 2992 1914 3042 die höheren Verwaltungsbeamten Moskaus eingeleitet
993 3037 1914 3090 werden soll, die beschuldigt werden, die Moskauer
996 3082 1914 3135 Deutschenhetze im Mai begünstigt zu haben. Alle
994 3127 1914 3180 Ansprüche auf Ersatz des vom Pöbel angerichteten
996 3171 1914 3228 Schadens sollen privat und außergerichtlich erledigt
995 3217 1134 3267 werden.
1362 3307 1542 3361 Spanien.
1095 3365 1806 3417 Der neue Botschafter in Paris.
1030 3418 1470 3468 London, 27. Dezember.
1032 3463 1914 3515 Das Reutersche Bureau meldet aus Madrid:
993 3508 1914 3561 Ministerpräsident Graf Romanones erklärte, daß
993 3553 1914 3606 die Ernennung des Marquis del Muni zum Bot-
993 3601 1914 3654 schafter in Paris keineswegs bedeute, daß die aus-
993 3646 1914 3699 wärtige Politik des spanischen Kabinetts eine Änderung
992 3691 1119 3741 erfuhr.
1358 3766 1560 3823 Schweden.
993 3827 1909 3882 Der Zwischenfall des Dampfers „Argo“.
1032 3878 1515 3933 Stockholm, 27. Dezember.
1032 3925 1912 3981 Mit besonderer Genugtuung bespricht die ganze
993 3969 1913 4026 Presse die Tatsache, daß der deutsche Gesandte Freiherr
990 4017 1914 4071 von Lucius schon am 24. d. M. dem Minister des
1971 2088 2823 2140 Loyalitätskundgebungen griechischer
2262 2133 2535 2184 Gemeinden.
1976 2184 2550 2235 Konstantinopel, 27. Dezember.
1977 2230 2863 2289 Die türkischen Blätter veröffentlichen Erklärungen
1935 2279 2859 2334 der geistlichen Häupter und der Notabeln der griechi-
1937 2324 2859 2375 schen Gemeinden von Lampsakos. Dardanellen, Gabra
1938 2368 2859 2421 Toffta, denen dieſe ihre Treue und Vank-
1938 2414 2866 2466 barkeit gegenüber der türkischen Regierung für ihre
1941 2458 2862 2508 gute Behandlung zum Ausdruck bringen und so den
1937 2506 2862 2556 gegenteiligen in einem Teile der Athener Presse ver-
1941 2549 2766 2601 breiteten Nachrichten ein Dementi entgegensetzen.
2211 2637 2583 2692 Eisenbahnunglück.
1978 2694 2386 2745 Posen, 28. Dezember.
1977 2740 2862 2793 Heute früh entgleiste ein von Berlin kommender
1938 2785 2861 2838 Militärurlauberzug bei der Durchfahrt auf dem
1938 2830 2859 2883 Bahnhof Bentschen. Von den Urlaubern und dem
1938 2875 2859 2928 Begleitpersonal wurden 18 getötet und 47 ver-
1938 2923 2622 2970 wundet; der Sachschaden ist bedeutend.
2193 3000 2609 3051 Theater von morgen.
1968 3046 2859 3095 Hofburgtheater. Geschlossen. — Hofoperntheater.
1947 3085 2859 3131 „Lucia von Lammermoor.“ (Anfang 7 Uhr.) — Volks-
1939 3118 2860 3167 oper (Kaiser-Jubiläums-Stadttheater). Nachmittags
1939 3155 2860 3206 2 Uhr: „Königin Schneewittchen und ihre sieben tapferen
1939 3194 2859 3239 Kinder. Abends 7 Uhr: Tannhäuser.“ — Deutsches
1939 3230 2861 3278 Volkstheater. „Der Gatte des Fräuleins.“ (Anfang
1939 3266 2861 3317 71/2 Uhr.) — Theater an der Wien. „Wenn zwei sich
1939 3305 2862 3350 lieben.“ (Anfang 71/2 Uhr.) — Carl-Theater. „Die erste
1939 3338 2862 3386 Frau.“ (Anfang 71/2 Uhr.) — Raimund-Theater. Nach-
1939 3377 2862 3422 mittags 3 Uhr: „Das Mandl vom Kahlenberg.“ Abends
1939 3410 2862 3458 12 Uhr: „Die Millionengretl.“ — Wiener Bürger-
1939 3449 2844 3494 theater. „Die — oder keine.“ (Anfang 71/2 Uhr.)
1939 3484 2863 3536 Johann Strand-Theater. „Die Esardasfürstin.“ (Anfang
1939 3518 2862 3569 71/5 Uhr.) — Theater in der Josefstadt. „Die Steiner-
1938 3556 2863 3608 Mäden (Anfang 71/2 Uhr.) — Lustspieltheater.
1938 3592 2863 3644 „Prinzessin Revue.“ (Anfang 71/2 Uhr.) — Residenzbühne.
1938 3628 2863 3680 „Die rätſelhafte Frau.“ (Anfang 71/2 Uhr.) — Neue
1938 3664 2863 3716 Wiener Bühne. „Die blaue Küste.“ (Anfang 71/2 Uhr.)
1940 3697 2853 3752 Neues Wiener Stadttheater. „Die selige Exzellenz.“
1938 3739 2850 3788 (Anfang 71/2 Uhr.) — Volksbühne. „Und Pippa tanzt.“
1941 3775 2866 3827 (Anfang 8 Uhr.) — Intimes Theater. „Sie ist ihm
1938 3811 2866 3863 treu.“ „Der verflixte Kajetan.“ „Gastfreundschaft.“ „Der
1938 3847 2864 3902 Geldbriefträger.“ (Anfang 8 Uhr.) — „Urania.“ (1. Bez.,
1938 3884 2853 3932 Aspernplatz. Nachmittags 3 Uhr: „Tirol, Land und Leute.“
1938 3922 2862 3968 „Die Befreiung von Galizien und Polen durch die ver-
1938 3958 2862 4007 bündeten Heere.“ Abends 71/2 Uhr, gr. Saal: „Deutsches
1938 3996 2860 4047 Studentenleben“; 1. Saal: Professor Dr. H. J. Tomaseth:
1938 4035 2475 4079 „Einst und jetzt durch Süd-Tirol.“
54 4095 1076 4160 Wechselstube des Bankhauses
50 4156 1074 4288 S
300 4286 839 4338 Wien, I., Stephansplatz
49 4293 198 4340 Begr. 1832
924 4300 1077 4347 Begr. 1832
48 4336 1077 4384 Geschiftstelle der k. k. Klanzenlottorle, Wien, I., Oeldschmiede Nr. 2
207 4367 912 4411 Vormistung von Stahlschranktichern (Sao Deposito)
1225 4102 2696 4176 Höchst empfehlenswerte Promessen!
1110 4167 2850 4250 Summe der Haupttreffer K 570.000.
1797 4258 2178 4300 Promessen auf
2661 4256 2823 4300 1538—72)
1803 4297 2859 4339 Ziehung 3. Jänner 1916, Haupttreffer K 300.000, à 50
1956 4328 2001 4365 3.
2046 4325 2231 4369 1816
2454 4327 2863 4374 „ 50000 à 10
1947 4355 2019 4392 3.
2046 4352 2226 4396 1816,
1854 4358 1884 4394 „
2452 4357 2862 4398 „ 120.000 à y 25
1950 4381 2010 4420 3.
2052 4381 2229 4421 152
2452 4383 2860 4426 100.000
1105 4291 1392 4332 Kredit-Lose
1551 4300 1689 4335 -...
1107 4321 1692 4362 Laibacher Lose
1107 4349 1704 4389 Donanregulierungs-Lose
1107 4376 1656 4417 proz. i. Bodenkredit-Lose 15
153 4433 982 4492 Verantwortlicher Redakteur: Dr. Emil Löbl.
1982 4448 2746 4507 Druckerei der kaiserlichen „Wiener Zeitung“.
