3053 4599
678 439 1181 726 lene
1875 443 2685 726 endpor
2730 420 2784 717 §.
2802 422 2841 720 ..
189 809 729 881 1915. — Nr. 296.
1100 804 1941 885 Beilage zur Wiener Zeitung.
2142 803 2858 887 Dienstag, 28. Dezember.
1176 916 1866 958 Prénumerations-Prolos:
168 964 2880 1006 hrnen, vertel. Kronen, montl. 80 Hellec. Die Zustellungsgebühr beträgt monatlich 40 Heller. — Mit Postversendung: Ganzj. 11 Kronen, hat. 6 Kronen, viertelj. 3 Kronen, monatl. 1 Krone 20 Heller.
168 1009 2880 1048 Einzelne Nummern 6 Hellet. Bedaktion: I., Bäckerstrate 13 (Telephon Nr. 18.464); Verwaltung: I., Bäckerstraße 18 (Telephon Nr. 22.54); Druckerel: l., Bäckerstraße 20 (Telephon Nr. 14.824). Einzelne Nummern 4 Heller.
231 1300 918 1354 Vom türkischen Kriegsschauplatze.
111 1364 1035 1417 Mitteilungen des türkischen Haupt-
441 1410 705 1462 quartiers.
156 1462 1041 1516 Konstantinopel, 27. Dezemher. (Meldung der
113 1510 609 1560 Agence Télégraphique Milli.)
156 1557 672 1606 Das Hauptquartier teilt mit:
435 1617 708 1673 Ira front.
159 1668 1038 1723 Eine feindliche Abteilung mit zwei Maschinen-
113 1717 1038 1771 gewehren und einer beträchtlichen Zahl Reiter, die
114 1765 1038 1813 unter dem Schutze von zwei Monitoren von Imam
114 1807 1038 1858 Ali Garb (östlich Kut-ül-Amara) Kut-ül-
112 1856 1038 1906 Amara zu Hilfe kam, wurde in der Richtung auf
112 1900 696 1954 Imam All Garbi zurückgeworfen.
375 1965 765 2014 Kaukasusfront.
156 2017 1041 2067 Einige unserer Patrouillen zwangen starke feindliche
114 2065 522 2116 Patrouillen zur Flucht.
357 2127 792 2179 Dardanellenfront.
159 2182 1040 2232 Am 25. Dezember warf ein Kreuzer einige
114 2228 1040 2277 Granaten gegen die vom Feinde geräumten Stellungen
114 2273 1038 2322 bei Anafarta und Ari Burnu, worauf er sich
114 2319 285 2368 zurückzog.
162 2372 1038 2421 Seddil Bahr. Der Feind schleuderte eine große
115 2417 1038 2466 Anzahl Bomben und richtete sein Artilleriefeuer gegen
117 2463 1038 2511 unseren rechten Flügel sowie ununterbochenes Maschinen-
116 2508 1038 2556 gewehr-, Bomben- und Torpedofeuer gegen unseren
117 2553 1035 2601 linken Flügel. Unsere Artillerie erwiderte das Feuer,
116 2598 1038 2646 brachte die Artillerie des Feindes zum Schweigen und
116 2645 840 2691 zerstörte einen Teil seiner Schützengräben.
159 2690 1038 2739 Am 25. Dezember warfen feindliche Flugzeuge er-
117 2735 1038 2784 folglos und ohne Schaden anzurichten 15 Bomben
117 2780 1038 2829 in der Umgebung von Galatakoy ab. Die Zahl
117 2827 1038 2877 der an der Küste von Buyukkemikli gescheiterten
1059 1138 1990 1189 feindlichen Transportschiffe beträgt vier mit einer
1059 1184 1986 1234 Wasserverdrängung von 5000 Tonnen. Ein anderes
1060 1228 1986 1279 Schiff ist bei Ari Burnu gescheitert. Von zwei
1060 1273 1986 1324 Schiffen haben wir alle verwendbaren Sachen weg-
1062 1323 1212 1372 geschafft.
1061 1383 1983 1435 Der Rückzug der Engländer von Ana-
1260 1428 1788 1480 farta und Ari Bugnu.
1099 1482 1674 1534 Konstantinopel, 27. Dezember.
1101 1528 1983 1579 Das Kriegspressebureau meldet: Die Engländer
1062 1573 1983 1624 behaupten, daß ihr unter geringen Verlusten durch-
1062 1618 1983 1669 geführter Rückzug von Anafarta und Ari Burnu
1062 1666 1449 1714 einen Erfolg darstellt.
1101 1711 1983 1759 Wir sind über diese Behauptung der Engländer
1062 1757 1983 1804 um so weniger erstaunt, als sie alle ihre bisher durch-
1062 1802 1983 1852 geführten Rückzugsbewegungen als Erfolge betrachteten.
1098 1847 1983 1896 Wenn wir die Grundsätze der Menschlichkeit und
1062 1893 1983 1941 der Zivilisation mit Füßen getreten hätten, wie es
1062 1937 1983 1986 die Engländer tun, so wäre dieser Rückzug den Eng-
1062 1985 1983 2031 ländern sehr teuer zu stehen gekommen. Wir haben
1062 2027 1983 2076 bereits mehrmals mitgeteilt, daß die Engländer
1062 2075 1984 2124 Spitalschiffe für den Transport von gesunden
1062 2120 1983 2169 Soldaten und von Kriegsmaterial mißbrauchten.
1062 2165 1983 2214 Trotzdem achteten wir das Zeichen des Roten Kreuzes
1062 2210 1985 2259 und belästigten diese Transporte nicht durch unser
1062 2258 1986 2304 Feuer. Das ganze Geheimnis des Erfolges des Rück-
1062 2302 1984 2352 zuges der Engländer liegt also in dem Schutze, den
1062 2347 1986 2397 das Genfer Zeichen gewährt. Die Engländer werden
1062 2392 1986 2442 nie vergessen, daß sie ihren Erfolg dieser Flagge ver-
1061 2437 1986 2488 danken, deren Anblick ihnen stets die Schamröte ins
1061 2481 1422 2533 Gesicht treiben wird.
1149 2543 1893 2599 Die Kämpfe in Mesopotamien.
1098 2598 1821 2653 Delhi, 26. Dezember-Reuter-Meldung.)
1101 2644 1983 2698 General Townsend, der die britischen Truppen
1059 2692 1982 2743 in Mesopotamien befehligt, berichtet, daß das heftige
1059 2737 1982 2788 feindliche Gewehrfeuer gestern durch Artilleriefeuer
1059 2782 1980 2833 unterstützt wurde, daß aber kein Versuch unternommen
1059 2826 1755 2878 wurde, die britischen Linien anzugreifen.
2148 1168 2769 1219 Die Kämpfe im Kaukasus.
2049 1229 2625 1279 Konstantinopel, 27. Dezember.
2049 1275 2931 1327 Die Agence Telegraphique Miki meldet: Der
2007 1321 2931 1372 amtliche russische Bericht, der im „Temps“ vom
2007 1366 2932 1416 30. November veröffentlicht ist, meldet, daß die
2007 1411 2933 1461 Russen in der Umgebung des Dorfes Tio nördlich
2007 1456 2933 1507 des Tortum-Sees die türkische Abteilung überrascht
2007 1500 2742 1552 und ihr eine Kanone abgenommen hätten.
2048 1554 2697 1606 Diese Ngesicht ist vollkommen falsch.
2051 1603 2934 1654 Derselbe Bericht besagt, daß kurdische Truppen
2007 1648 2935 1698 sich ja die Berge geflüchtet haben, nachdem sie in
2007 1693 2934 1744 der Gegend von Erdsich beträchtliche Verluste er-
2007 1740 2241 1789 litten hätten.
2051 1794 2934 1846 Der tatsächliche Untergrund dieser Meldung ist,
2007 1840 2936 1890 daß russische Patrouillen kurdischen Familien, die aus
2007 1885 2937 1935 dieser Gegend auswandern, begegnen und daß be-
2007 1930 2937 1981 waffnete Männer, die sich unter diesen Auswanderern
2004 1977 2871 2026 befinden, sich gegen die Russen zur Wehre setzten.
2124 2053 2814 2112 Die Muselmanen im Feldschas.
2046 2119 2625 2170 Konstantinopel, 27. Dezember.
2046 2163 2934 2218 Die Agence Télégraphique Milli meldet: Die
2007 2212 2935 2262 muselmanischen Krieger, welche sich im Hedschas ver-
2007 2257 2936 2310 sammelt haben, z an der ägyptischen Expedition
2008 2302 2936 2355 teilzunehmen, haben sich unter der Führung Faisal
2008 2350 2937 2400 Beis, eines Sohnes des Emirs von Mekka Hussein
2010 2395 2782 2449 Pascha, mit unserer vierten Armee vereinigt.
2223 2477 2721 2527 Die Ereignisse zur See.
2178 2542 2763 2592 Der Unterseebootkrieg.
2052 2602 2464 2652 Paris, 27. Dezember.
2046 2647 2938 2700 Das Marineministerium teilt mit, daß ein deutsches
2007 2692 2936 2745 Unterseeboot das Paketboot „Ville de la Ciotat“ der
2007 2737 2934 2790 Messageries Maritimes mit einem Gehalt von
2007 2782 2932 2836 6378 Tonnen am 24. Dezember früh im östlichen
2004 2829 2928 2881 Mittelmeer torpediert und versenkt hat. Die Passagiere
426 1165 726 1230 Der Krieg.
111 1234 1029 1284 (Meldungen des k. k. Telegraphen-Korrespondenz-Bureaus.)
399 3007 755 3103 Feuilleton.
333 3162 835 3224 Heinrich Anschütz.
249 3228 918 3280 (Zum 50. Todestage, 29. Dezember 1865.)
162 3286 1041 3339 Vor kurzer Zeit hat Frau Wilbrandt Baudius inner-
119 3335 1042 3384 halb des Vortragszyklus „Aus eigener Werkstatt“ in
123 3383 1042 3429 fesselnder und anziehender Weise von ihren vielen
120 3424 1043 3474 Erinnerungen an das alte Burgtheater und dessen
120 3472 1044 3519 große Zeit erzählt. Daß dabei Heinrich Anschütz nicht
120 3514 1044 3565 unerwähnt blieb, ist selbstverständlich, sprach doch
120 3560 1044 3609 Frau Baudius auch von der Erstaufführung des „Erb-
120 3608 1046 3660 förster“. Laube beschwor den Verfasser Otto Ludwig,
120 3653 1044 3702 aus dem Trauerspiel ein Schauspiel zu machen und
120 3701 1047 3747 das Stück gut ausgehen zu lassen; er bemühte
123 3746 1044 3792 sich aber vergebens, der Dichter war mit dieser Um-
120 3791 1045 3840 arbeitung nicht einverstanden und berief sich auf
117 3836 1044 3885 Anschütz, der ihm mit seiner Darstellung recht gebe.
125 3880 1042 3930 „Jawohl,“ sagte Laube, „Anschütz! Und wer noch?
120 3926 1044 3975 Anschütz ist der einzige, der das kann, der alte Herr
120 3971 1041 4020 ist zur Hälfte ein Löwe, zur Hälfte ein Steinbock
120 4016 1041 4065 und, was die Hauptsache, durch und durch wahr!
120 4064 1044 4113 Finden Sie einen Zweiten, so bringen Sie ihn her,
120 4109 1045 4158 ich wiege ihn mit Gold auf und wäre er
123 4153 1044 4203 noch dicker als der Alte. ... Anschütz war
123 4198 1044 4248 wirklich der einzige Erbförster, wie er Otto
120 4243 1044 4293 Ludwig vorgeschwebt hatte. Wenn der Alte in
120 4288 1045 4342 rührender, naiver Weise sein ererbtes Recht behauptete
120 4336 1045 4387 und wie ein gereizter Löwe forderte, da mußte ihm
120 4381 1044 4432 für den Augenblick der trockenste Jurist zustimmen.
120 4424 1044 4477 Man erschrak vor dieser Größe furchtbarer Gewalt.
1065 2927 1986 2979 Seine Rede klang wie Donner, und doch hörte man
1062 2975 1986 3024 die Klage des Kindes heraus. Er überschrie sich
1065 3020 1989 3069 niemals, seine vollendete Technik ließ ihn nie die
1065 3064 1992 3114 Linie seines physischen Könnens überschreiten. Er
1065 3109 1992 3159 braucht aber kaum mein langatmiges Lob; die ihn
1065 3157 1992 3207 gesehen, wissen, was er war; die ihn nicht gesehen,
1065 3202 1995 3252 werden nie begreifen, daß es dergleichen geben
1062 3247 1197 3295 konnte.“
1107 3292 1989 3342 Ein Jahr nach Anschütz' Tod erschienen die Er-
1065 3338 1989 3390 innerungen aus seinem Leben und Wirken, nach
1065 3383 1989 3432 eigenhändigen Aufzeichnungen gesammelt, im Buch-
1065 3428 1989 3480 handel. In diesen Memoiren leben die berühmtesten
1065 3473 1989 3525 Gestalten der Wiener Theaterwelt des vorigen Jahr-
1068 3518 1989 3567 hunderts vor uns auf, sie bilden daher einen wert-
1065 3566 1809 3612 vollen Beitrag zur Theatergeschichte Wiens.
1101 3611 1989 3660 Bemerkenswert sind insbesondere die Kapitel, worin
1065 3657 1989 3705 Anschütz von seinen künstlerischen und persönlichen
1068 3701 1989 3750 Beziehungen zu den Großen seiner Zeit berichtet. So
1065 3749 1989 3795 verknüpften ihn Bande aufrichtiger Freundschaft auch
1068 3794 1989 3843 mit Schubert. Wir lesen darüber in den Auf-
1068 3839 1989 3888 zeichnungen: „Dieses Weihnachtsfest (1821) war mir
1065 3884 1989 3933 dadurch besonders von Interesse, weil es Schubert
1068 3929 1989 3978 zum ersten Mal in mein Haus brachte. Franz Schubert
1065 3974 1989 4023 war eines der tätigsten Mitglieder der ehemaligen
1068 4019 1989 4068 fröhlichen „Unsinnsgefellschaft“. Dort hatten meine
1068 4064 1989 4116 Brüder seit Jahren mit ihm in intimster
1068 4112 1989 4161 Weise verkehrt, und durch meine Geschwister
1068 4157 1989 4206 kam er auch in mein Haus. Sein zweiter Besuch bei
1071 4202 1989 4251 mir fiel auf einen in ganz anderer Weise bewegten
1068 4247 1989 4296 Abend. Ich hatte einen Kreis von Freunden, mit
1065 4295 1989 4344 ihnen auch Schubert, zu mir geladen; es war darunter
1068 4339 1989 4386 eine Anzahl junger Damen und Männer. Meine Frau
1065 4384 1989 4434 war selbst noch jung, mein Bruder Gustav ein leiden-
1071 4429 1989 4479 schaftlicher Tänzer, und bald verwandelte sich die Kon-
2011 2930 2934 2982 versation zum Tanze. Schubert, der schon ein paar
2011 2978 2934 3027 Klavierstücke zum besten gegeben hatte, setzt sich selbst in
2011 3023 2931 3072 der heitersten Laune an das Instrument und spielt zum
2011 3068 2934 3117 Tanz auf. Alles schwingt sich im Kreise, man lacht, man
2010 3112 2935 3162 trinkt. Plötzlich werde ich abgerufen, ein fremder
2010 3157 2935 3210 Herr will mich sprechen.“ Im Vorzimmer wartete
2012 3202 2935 3256 ein Abgesandter der Polizei, der Anschütz in höflicher
2013 3250 2934 3300 Form darauf aufmerksam machte, daß Tanzunter-
2010 3295 2935 3348 haltungen während der Fastenzeit nicht gestattet sind.
2015 3340 2934 3393 „Als ich mit der Hiobspost,“ erzählt Anschütz weiter,
2016 3385 2935 3438 „in das Gesellschaftszimmer trat und die Polizei
2012 3431 2934 3483 nannte, stob in parodierendem Schrecken alles aus-
2011 3476 2936 3528 einander. Schubert aber meinte: „Das tun's mir zu
2010 3524 2936 3573 Fleiß, weil's wissen, daß ich gar so gern Tanzmusik
2010 3568 2936 3618 mach'!“ Schubert kam nun oft in mein Haus. Er war
2007 3614 2934 3663 eine grundehrliche, treuherzige Natur, die man lieb-
2010 3659 2935 3711 gewinnen mußte. Das durch Kurzsichtigkeit blöde Auge
2010 3704 2934 3756 leuchtete, wenn er musizierte oder über Musik sprach.
2010 3749 2934 3801 Letzteres tat er sehr gern, wobei sein stehendes Thema
2010 3796 2937 3846 war, über den schlechten Geschmack des Publikums
2010 3842 2937 3894 und über die italienische „Dudelei“ zu räsonnieren.
2009 3887 2937 3939 Diesen Inhalt hatte selbst noch sein letztes Gespräch
2010 3932 2934 3984 mit mir. Ich begegnete ihm kurze Zeit vor seinem
2010 3977 2934 4029 Tod in einer Allee des Burgglacis. Nicht lange vor-
2010 4022 2934 4074 her hatte die Pachtunternehmung Barbajas im
2011 4070 2931 4119 Kärntnertortheater aufgehört, und Graf Gallenberg
2011 4114 2934 4164 hatte die Direktion übernommen. Wir kamen darauf
2011 4160 2934 4212 zu reden. „Gott sei Dank“, meinte Schubert, „daß
2013 4205 2931 4257 wir diese Musik los sein!“ — „Ich will die An-
2013 4250 2931 4302 sichten eines Kunstverständigen nicht bestreiten, aber
2012 4295 2931 4347 ich verdanke doch der Unternehmung Barbajas viele
2012 4343 2928 4392 genußreiche Stunden. Denken Sie an Lablache, Rubini,
2013 4384 2931 4438 Tamburini, Donzelli, an die Fodor.“ — „No ja, es
2013 4431 2931 4486 ist alles recht schön, aber lassen's mich mit der Musik
483 2939 699 2979 Nachdruck nur mit
822 2936 1008 2978 ingabe gesanet.
