3053 4599
162 243 657 290 Wiener Abendpost Nr. 296.
2268 242 2892 287 Dienstag, den 28. Dezember 1915.
114 481 1043 538 Die Verluste der britischen Handels-
498 533 666 583 flotte.
159 594 594 645 London, 26. Dezember.
165 636 1042 690 Das Reutersche Bureau meldet, aus den Schiffahrts-
114 687 1041 735 statistiken geht hervor, daß die Verluste der britischen
114 732 1041 783 Handelsflotte, die man auf zehn Millionen Pfund
114 777 1041 828 eingeschätzt habe, während der letzten 16 Monate nur
114 822 1041 873 2,732.000 Pfund oder 4 pZt. des Wertes der
111 867 795 919 britischen Handelsflotte betragen hätten.
195 983 963 1039 Berichte der feindlichen Generalstäbe.
156 1049 560 1101 Wien, 28. Dezember.
159 1095 1044 1146 Aus dem Kriegspressequartier werden folgende
114 1142 925 1195 Berichte der feindlichen Generalstäbe gemeldet:
447 1207 702 1258 Frankreich-
159 1259 1043 1312 27. Dezember, 3 Uhr Nachmittags. Vom Laufe
114 1306 1041 1356 der Nacht ist nichts zu melden außer in Lothringen,
114 1354 1041 1401 wo unsere Artillerie die feindlichen Arbeiten in der
117 1398 1041 1450 Gegend von Bioncourt und Gremecey, südwestlich
114 1443 552 1494 Chateau Salins, beschoß.
159 1488 1041 1540 27. Dezember, M Uhr Nachmittags. In Belgien
114 1534 1041 1584 ergab das Feuer, welches auf die feindlichen
114 1579 1041 1629 Stellungen zwischen der großen Düne und dem Meere
114 1626 1041 1677 gerichtet wurde, gute Ergebnisse. An mehreren Stellen
114 1672 1041 1719 wurden die Brustwehren zerstört; ein Blockhaus in
114 1717 1041 1767 der ersten feindlichen Linie flog in die Luft. Im
114 1762 1041 1812 Artois brachten wir gestern abend nordwestlich der
114 1810 1041 1857 Kote 140 eine Mine zur Explosion und hinderten
114 1852 1041 1902 den Feind daran, den Sprengtrichter zu be-
114 1900 1038 1950 setzen. Zwischen Somme und Oise zerstreute unsere
114 1945 1038 1995 Artillerie feindliche Abteilungen. Nordöstlich von
114 1990 1041 2040 Chailly zwischen der Somme und Reims beschädigten
114 2035 1039 2085 unsere Batterien ein deutsches Werk nördlich Moussy.
114 2080 1041 2133 In der Champagne bei der Kote 195 richtete der
114 2128 1041 2178 Feind nach einer Beschießung einen Angriff gegen
114 2173 1041 2223 unsere Linien, der leicht zurückgewiesen wurde. In
114 2218 1041 2268 den Vogesen nördlich Linge glückte es unserer
114 2263 1041 2313 Artillerie, kasemattierte Batterien und Maschinen-
114 2311 1041 2361 gewehrunterstände zu zerstören. Ebenso beschossen wir
114 2356 1038 2406 erfolgreich feindliche Schützengräben auf dem Schratz-
117 2402 266 2451 männle.
159 2454 1038 2505 Belgischer Bericht. Heftiger Artilleriekampf
117 2503 1038 2550 auf der ganzen belgischen Front. Wir feuerten erfolg-
117 2545 1041 2595 reich auf verschiedene deutsche Batterien in der Um-
117 2593 1041 2640 gebung von Schoor und Youmen. Die feindliche
116 2637 1041 2688 Infanterie, die sich in einem Schützengraben bei
116 2682 1041 2733 Woumen und Maison Passeur sammelte, wurde durch
114 2729 497 2781 unser Feuer zerstreut.
162 2781 1041 2836 Orientarmee. Die Lage auf unserer Front
118 2829 396 2880 ist unverändert.
1065 333 1991 391 Bericht aus dem englischen Haupt-
1404 384 1645 436 quartier.
1107 434 1552 486 London, 26. Dezember.
1107 483 1989 534 Südlich des Kanals von La Bassee fanden einige
1065 528 1988 579 Minenkämpfe statt. Ein Versuch des Feindes, unsere
1065 574 1988 624 Laufgräben durch eine Mitte zu beschädigen, mißglückte.
1065 619 1988 669 Nördlich der Somme beschoß unsere Artillerie die
1068 666 1986 714 östlich von Albert gelegenen feindlichen Stellungen.
1068 707 1986 762 Sonst mit Zwischenpausen unbedeutende Artillerie-
1064 755 1200 807 kämpfe.
1146 847 1906 907 England und der neutrale Postverkehr.
1107 918 1608 969 Amsterdam, 27. Dezember.
1107 964 1988 1016 Wie die Blätter melden, wurde die ganze für die
1065 1012 1988 1059 Niederlande bestimmte Post aus Süd-Amerika von
1062 1057 1986 1104 den Engländern von Bord des Dampfers „Tubantia“
1063 1101 1191 1153 geholt.
1104 1149 1506 1197 Haag, 27. Dezember.
1106 1194 1987 1245 Im Haag ist ein Bericht eingetroffen, wonach in
1064 1236 1987 1290 Falmouth am Donnerstag von einem aus
1065 1281 1987 1333 Amerika zurückkehrenden holländischen Dampfer die
1065 1326 1987 1380 aus etwa 600 Säcken bestehende Post von Bord ge-
1065 1375 1986 1425 holt worden sei. Auch von dem heute in Rotterdam
1064 1419 1986 1471 angekommenen Dampfer „Christian Michelsen“ seien
1065 1464 1986 1516 bei Dover 40 Säcke holländischer Post von Bord
1065 1512 1321 1563 geholt worden.
1382 1624 1668 1692 Meldungen
1492 1687 1561 1736 des
1151 1737 1909 1792 Telegraphen-Korrespondenz-Bureaus.
1440 1804 1611 1861 Ungarn.
1191 1864 1854 1918 Regierungsverordnungen.
1100 1917 1588 1968 Budapest, 28. Dezember.
1104 1963 1982 2013 Das Amtsblatt veröffentlicht eine Regierungs-
1065 2008 1983 2058 Verordnung, womit Maximalpreise für rohe Kalbs-
1065 2053 1983 2103 felle, appretiertes Kalbsleder und gespaltene Rinds-
1065 2101 1983 2151 häute festgesetzt werden. Die Maximalpreise, die am
1065 2146 1983 2196 10. Jänner 1916 in Kraft treten, erstrecken sich nicht auf
1064 2191 1984 2241 den Import aus dem Zollauslande und variieren
1064 2239 1984 2286 bei rohen Kalbsfellen zwischen 2.60 und 4.29,
1065 2284 1985 2331 bei appretierten Kalbsfellen zwischen 23.75 und
1064 2329 1985 2379 25.50 And bei gespaltenen Rindshäuten zwischen
1068 2374 1887 2424 7. und 13.50 Kronen für das Kilogramm.
1107 2419 1986 2466 Das Amtsblatt veröffentlicht ferner eine Regierungs-
1063 2464 1986 2511 verordnung, wonach vom 10. Jänner 1916 an per
1063 2509 1986 2559 Kopf und Tag von Weizen-, Roggen- und Gersten-
1063 2554 1986 2604 mehl höchstens 240 Gramm verbraucht werden dürfen.
1065 2599 1986 2649 Diejenigen, die schwere körperliche Arbeit verrichten,
1063 2643 1986 2694 dürfen 300 und die Urproduzenten 400 Gramm
1062 2691 1986 2739 täglich verbrauchen, wobei 5 Gramm Mehl 7 Gramm
1062 2736 1988 2787 Brot entsprechen. Vom 10. Jänner 1916 angefangen
1062 2781 1989 2832 dürfen Weizen-, Roggen- und Gerstenmehl sowie daraus
1062 2826 1989 2878 hergestellte Mischungen und das daraus hergestellte
2016 319 2940 373 Brot nur gegen Mehl- und Brotmarken verabreicht
2016 364 2940 420 werden. Vorräte, die diesem Quantum entsprechen,
2013 409 2940 462 dürfen nur bis zum 16. August 1916 angehäuft
2013 454 2940 507 werden. Überschüsse sind über Aufforderung der Ver-
2013 502 2940 552 waltungsbehörden um den Maximalpreis für die Zwecke
2010 545 2634 597 des öffentlichen Bedarfes abzugeben.
2361 660 2574 718 Frankreich.
2222 718 2724 774 Sozialistenkongreß.
2052 774 2466 825 Paris, 26. Dezember.
2049 819 2937 873 Dem Pariser Sozialistenkongresse wohnten dem
2016 867 2935 921 „Temps“ zufolge außer den Ministern Sembat,
2011 909 2937 964 Guesde und Thomas auch Hervé und der
2011 957 2937 1008 belgische Minister Vandervelde bei. Der Depu-
2011 1002 2936 1054 tierte Bracke forderte die Wiederernennung eines
2010 1046 2936 1098 einzigen politischen Parteiführers als Ersatz für
2010 1091 2936 1144 Jaures. Die Generaldiskussion drehte sich um die
2010 1140 2936 1192 Partei in ihrer Stockung zum Kriege. Der Deputierte
2010 1183 2935 1236 Compère-Morel besprach die Frage unter
2010 1227 2935 1281 dem Gesichtspunkte, daß die Partei wie unter
2010 1275 2935 1326 Jaurès und Vaillant die Teilnahme an der nationalen
2010 1320 2931 1371 Verteidigung immer als ihre Pflicht ansehen müsse.
2010 1365 2931 1416 Redner verwies auf die Scheidung der Partei in
2009 1414 2931 1461 Leute, die einen Frieden durch den Sieg wollen, und
2009 1458 2931 1506 ſolche, die nicht mehr glauben, daß ein Sieg errungen
2010 1503 2931 1554 werden könne. Zum Schlusse rief Compere-Morel
2010 1549 2932 1599 aus: „Sie, die Sie vom Frieden sprechen, werden
2009 1594 2934 1644 der Reaktion vorarbeiten! Sie würden den schrecklichsten
2010 1639 2931 1689 Schlag gegen die Republik führen und gegen die
2010 1684 2931 1734 nationale Verteidung; anderenfalls werden Sie für
2010 1732 2931 1779 den Sieg der Alliierten streiten. Kämpfen Sie für die
2009 1777 2931 1827 soziale Revolution!“ — Der folgende Redner forderte
2008 1822 2931 1872 eine bessere Organisation der nationalen Ver-
2008 1867 2931 1917 teidigung, die Entsendung parlamentarischer Kom-
2008 1911 2931 1962 missare zu den Heeresteilen sowie die Bildung von
2008 1956 2931 2007 Komitees für das öffentliche Wohl. Bourderon
2010 2001 2933 2052 reklamierte das Recht, Zusammenkünfte mit
2007 2047 2932 2100 den deutschen Sozialdemokraten abzuhalten
2007 2095 2932 2145 unter dem Hinweise darauf, daß schon vor der
2009 2140 2931 2190 Zimmerwalder Konferenz die Deputierten Renandel
2007 2185 2931 2235 und Longuet mit Bernstein und Kautsky
2010 2233 2931 2280 zusammengekommen seien. Er verlangte, die Motive
2010 2278 2932 2328 für diese Zusammenkünfte zu wissen sowie wer der
2010 2323 2931 2373 Urheber derselben war. Redner schloß unter der Ver-
2010 2367 2931 2418 sicherung, daß unter Billigung oder nicht er und
2009 2412 2742 2463 seine Freunde ihr Werk fortsetzen würden.
2046 2465 2932 2514 Dem „Petit Parisien“ zufolge formulierte
2010 2511 2932 2562 Compère-Morel die Frage betreffend den Frieden
2010 2556 2931 2607 folgendermaßen: Wenn alle Alliierten über die mili-
2010 2601 2932 2652 tärischen, finanziellen und wirtschaftlichen Hilfsquellen
2007 2647 2931 2697 verfügen, um die nationale Verteidigung zu einem
2010 2695 2931 2742 guten Ende zu führen — nichts von Frieden oder
2010 2739 2931 2790 von Friedensverhandlungen! Wenn nicht, sofort Frieden
2010 2784 2931 2835 oder wenigstens nicht die Ohren verschließen vor
2007 2828 2328 2880 Friedensgerüchten!
114 325 1042 372 und die Mannschaft wurden größtenteils durch das
117 367 1044 417 englische Paketboot „Moroo“ aufgenommen und am
117 414 702 462 26. Dezember in Malta gelandet.
119 2928 1041 2982 aus. Mir kommts manchmal vor, als gehörte ich gar
120 2974 1041 3027 nicht mehr in diese Welt.“ Er sollte wahr gesprochen
119 3025 240 3075 haben.
165 3063 1042 3117 Eine noch interessantere Bekanntschaft brachte mir
120 3111 1042 3165 der Sommer 1822. Ich hatte meinen Aufenthalt in
122 3153 1043 3210 Döbling genommen. Die beständige Witterung dieses
120 3202 1043 3255 außerordentlichen Weinjahres lockte mich natürlich oft
120 3247 1043 3300 nach den anmutigen Partien des nahen Hügellandes.
120 3293 1043 3345 Eines Tages hatte ich ganz in der Nähe Heiligenstadts
120 3340 1044 3390 eine Einsattlung betreten, welche von zwei Hügelreihen
121 3385 1044 3438 gebildet wurde und welche nebst einem Fußsteige nur
121 3430 1044 3483 noch Raum für ein geschwätziges Bächlein gewährte.
121 3472 1044 3531 In Gedanken zwischen Gebüschen und Baum-
121 3520 1045 3576 gruppen dahinschlendernd, weckt mich plötzlich ein
122 3568 1045 3621 unerwarteter Anblick. Auf dem Wiesengrunde
123 3613 1045 3663 des Hügelabhanges zwischen Bäumen und dem Bache
122 3658 1046 3711 sehe ich einen Mann gelagert, in etwas ungeordneter
122 3704 1046 3756 Kleidung, den gedankenschweren, geistreichen, wild-
123 3748 1046 3801 schönen Kopf in die linke Hand gestützt, und den
123 3796 1046 3846 Blick auf ein Notenblatt geheftet, in das er mit der
123 3841 1047 3891 Rechten mystische Runenzüge eingrub, während er in
123 3886 1047 3939 den Zwischenpausen mit den Fingern trommelte. Ah,
123 3931 1047 3984 Beethoven! rief ich in Gedanken aus. Ich hatte
124 3976 1047 4029 ihn eine Weile mit dem höchsten Interesse beobachtet,
124 4021 1048 4074 und wollte mich soeben, um ihn in seinen Künstler-
124 4069 1047 4119 träumen nicht zu stören, nach der Richtung,
124 4114 1048 4167 woher ich gekommen, wieder zurückziehen, als er
124 4158 1048 4212 plötzlich das Haupt erhob und unsere Blicke sich be-
125 4207 1049 4260 gegneten. Ich grüßte ihn, was er kurz erwiderte.
126 4252 1049 4302 Unwillkürlich gefesselt, trat ich näher und entschuldigte,
126 4294 1049 4347 daß ich ihn gestört hätte. „Der Weg ist für jeder-
126 4342 1049 4392 mann.“ — „Darf ich wissen, was da gerade im
126 4383 1050 4438 Entstehen ist?“ — „Dummes Zeug! Ein Orchester-
126 4429 1050 4489 stück, das ich hier aufführen will, um die Gelsen und
1065 2926 1983 2976 Ameisen zu vertreiben.“ Hiemit war die Unter-
1063 2974 1983 3024 haltung aus. Er starrte in das Notenblatt,
1062 3019 1984 3069 trommelte, schrieb und vergaß ganz und gar
1065 3063 1985 3114 auf den Nachbar. Endlich entfernte ich mich leise, und
1065 3112 1985 3159 er war so verloren, daß er es nicht bemerkte. Ich
1068 3157 1985 3204 begegnete ihm nun öfter. Obwohl damals schon sehr
1071 3202 1986 3249 schwerhörig, war er doch dem Umgang mit Menschen
1068 3247 1986 3297 noch nicht ganz verschlossen. Wir wurden bald näher
1068 3292 1986 3342 bekannt. Eines Tages begleitete ich ihn eine Strecke.
1068 3340 1987 3387 Wir sprachen über Kunst, Musik und endlich über
1068 3382 1987 3432 Lear und Macbeth. Wie zufällig warf ich die Be-
1071 3427 1987 3480 merkung hin, daß mich schon öfter der Gedanke be-
1071 3472 1988 3525 schäftigt habe, ob er nicht als Seitenstück zur „Egmont“
1071 3519 1988 3567 Musik den Macbeth musikalisch illustrieren sollte?
1071 3564 1989 3615 Der Gedanke schien ihn zu elektrisieren. Er blieb wie
1071 3610 1989 3660 angewurzelt stehen, sah mich mit einem durch-
1071 3655 1989 3705 dringenden, fast dämonischen Blick an und erwiderte
1071 3703 1989 3753 hastig: „Ich habe mich auch schon damit beschäftigt.
1071 3748 1990 3798 Die Hexen, die Mordszene, das Geistermahl, die
1071 3793 1991 3843 Kesselerscheinungen, die Nachtwandlerszene, Macbeths
1071 3838 1991 3888 Todesraserei!“ — Es war im höchsten Grad inter-
1071 3883 1991 3933 essant, seinem Mienenspiele zu folgen, in welchem
1071 3928 1992 3978 sich die blitzschnellen Gedanken jagten. In wenigen
1071 3972 1992 4023 Minuten hatte sein Genius das ganze Trauerspiel durch-
1071 4021 1992 4071 gearbeitet. Bei der nächsten Frage, die ich an ihn richtete,
1071 4066 1994 4116 drehte er sich um und rannte nach einer flüchtigen
1071 4111 1994 4161 Begrüßung davon. Leider war aber seiner stürmischen
1071 4155 1995 4206 Erregung nicht die Tat gefolgt. Als ich nach einiger
1071 4203 1996 4254 Zeit das Thema noch einmal berührte, fand ich ihn
1074 4249 1997 4299 verdrießlich und schwieg. Welcher Schatz ist der
1071 4294 1997 4344 Musikwelt durch die wachsende Verdüsterung seines
1071 4339 1998 4389 Innern entzogen worden! Was müßte „Macbeth“ mit
1071 4380 1800 4434 Unterstützung seiner Töne geworden sein!“
1109 4430 2008 4483 Als die sterblichen Überreste des Tonheros am
2007 2928 2932 2982 29. März 1827 zur ewigen Ruhe bestattet wurden,
2010 2976 2931 3027 sprach Anschütz vor dem Tore des Währinger Orts-
2010 3022 2931 3072 friedhofes die Leichenrede, die Grillparzer verfaßt
2009 3067 2109 3114 hatte.
2052 3111 2933 3162 Grillparzer und Anschütz! Man hat die beiden
2010 3156 2933 3207 Namen oft in einem Zuge aussprechen hören; der
2010 3202 2934 3255 Meister, der die dramatischen Gestalten genial erdacht
2010 3250 2934 3300 und niedergeschrieben, und der Schauspieler, der sie
2010 3295 2934 3345 im Geiste des Dichters erfaßt und den Wienern zum
2011 3340 2934 3390 ersten Mal zur Darstellung gebracht hat. Am
2011 3385 2934 3435 20. Juni 1820 war Anschütz zu einem Gast-
2011 3430 2934 3480 spiel in Wien eingetroffen. Schon damals benützte er
2011 3475 2934 3528 die freie Zeit seines Aufenthaltes dazu, mit den
2012 3523 2934 3573 Kunstkreisen in nähere Verbindung zu treten.
2019 3567 2935 3618 „Vor allem suchte ich Grillparzers Bekanntschaft zu
2013 3612 2935 3663 machen, dieses edelsten Dichtergeistes Österreichs, über
2013 3657 2936 3711 welchen Goethe und Byron das Wort der Weihe
2013 3705 2936 3756 ausgesprochen hatten. Die schlichte Offenheit, das
2013 3751 2935 3804 scheubescheidene Wesen sprach mich so vertraut an,
2013 3796 2934 3846 daß ich mit dem ersten Blick in dieses klare blaue
2013 3841 2937 3891 Auge dem seltenen Manne für das Leben ergeben
2014 3886 2934 3936 war.“ Das hat Anschütz treu gehalten. In Grillparzers
2016 3931 2935 3984 dramatischen Werken, die im Burgtheater zur Aufführung
2015 3976 2937 4026 gelangten, spielte Anschütz die ihm zugewiesenen Rollen
2016 4021 2937 4074 mit künstlerischer Vollendung. Der Eindruck, den
2016 4066 2937 4119 diese Gestalten machten, ist treffend bezeichnet in den
2016 4114 2938 4167 Worten, die Laube ihm ins Grab nachsendete: „In
2016 4159 2938 4212 deiner Gestalt, in deiner Miene, mit deiner Rede
2016 4203 2938 4257 trat sie auf uns zu, die liebevolle Würde, die herz-
2019 4251 2937 4302 liche Ehrlichkeit, die erquickende deutsche Treue und
2016 4296 2919 4347 der heilige Zorn gegen alles Niedere und Gemeine.“
2787 4352 2886 4401 r. k.
