3000 4429
675 249 1190 533 tene
1896 243 2385 533 end.
2385 265 2484 528 F
2736 211 2787 527 A
165 602 438 681 1917. —
438 605 712 680 Nr. 296.
1056 605 1914 682 Beilage zur Wiener Zeitung.
2179 603 2838 686 Freitag, 28. Dezember.
1148 711 1845 756 Pränumerations-Protoor
114 760 2886 800 m. Kronen, halbj. 4 Kronen, viertelj. 8 Kronen, monatl. 60 Heller. Di Zustellungsgebühr beträgt monstlich 405. — Mit Postversendung: Cz 1m, . 6 K, v. Arm, well. 18
111 805 2892 844 Benzelne Nummern 4 Heller. Rodaktiont I., Bäckerstraße 13 (Telephon Nr. 13.464 und 18.52); Verwaltung I., Bickerstraße 11 (Telephon . .); Druskoret I., Bierstrahe (elen Rr. 14). Einzelne Norma hat
90 954 1011 1010 Die Friedensverhandlungen mit Rußland.
130 1029 528 1081 Wien, 28. Dezember.
131 1076 1010 1125 Das k. k. Telegraphen-Korrespondenz-Bureau meldet
89 1121 798 1170 aus Brest-Litowsk vom 27. d. M.:
135 1166 1010 1215 Die Beratungen der Delegationen der Verbündeten
88 1212 1010 1260 mit den Vertretern Rußlands über die Spezialfragen
88 1260 1008 1305 wurden auch im Laufe des heutigen Tages fortgesetzt.
88 1305 1010 1350 Diese Beratungen sind inzwischen so weit gefördert
88 1350 1009 1398 worden, daß eine kurze Unterbrechung der
88 1398 1008 1443 Verhandlungen in Aussicht genommen werden muß,
87 1443 1009 1488 um den Delegationen, von denen einzelne mit ihren
87 1488 1009 1533 heimischen Behörden Fühlung zu nehmen haben, hiezu
90 1532 474 1578 Gelegenheit zu bieten.
129 1588 660 1635 Kopenhagen, 27. Dezember.
678 1631 1008 1680 gibt eine Unter-
153 1635 663 1680 „Socialdemokraten“
86 1680 1008 1725 redung wieder, die der Stockholmer Vertreter dieses
86 1722 1007 1773 Blattes mit dem schwedischen sozialistischen Reichstags-
86 1770 1007 1818 abgeordneten Höglund gehabt hat, der gestern von
86 1815 949 1863 seiner Reise nach St. Petersburg zurückgekehrt ist.
132 1860 1005 1908 Höglund hatte vor der Abreise mit Lenin eine
85 1908 1002 1953 Unterredung über die Friedensaussichten. Lenig
85 1953 1005 2001 sagte hiebei, er sehe den allgemeinen Frieden als nahe
85 1998 999 2046 bevorstehend an. Die Völker seien kriegsmüde. Es sei
84 2043 1002 2091 naiv, an den Sieg der Entente zu glauben, selbst
84 2088 1003 2136 wenn sich der Krieg noch ein Jahr hinziehen sollte.
84 2133 1002 2184 Jetzt sei der psychologische Augenblick für den allge-
84 2178 1003 2229 meinen Frieden gekommen. Werde er jetzt nicht abge-
84 2225 1002 2275 schlossen, werde dies desto schlimmere Folgen für die
83 2271 420 2319 Regierungen haben.
126 2318 516 2365 Genf, 27. Dezember.
129 2360 1002 2409 Die von Clemenceau und Pichon beeinflußten fran-
83 2409 1002 2457 zösischen Blätter lesen die Friedensgrundsätze
84 2454 1003 2499 der Mittelmächte als eitel Schaumschlägerei aus. Die
84 2499 1002 2547 Absicht sei offenkundig, durch scheinbares Eingehen auf
84 2544 1002 2592 einige der kosmopolitischen Leitsätze der Maximalisten
82 2589 1002 2637 den Waffenstillstand zu verlängern und daraus den
81 2634 1005 2685 größtmöglichen militärischen und wirtschaftlichen Nutzen
81 2679 1005 2730 zu ziehen. Die linksstehenden französischen Blätter ver-
81 2728 462 2775 halten sich zuwartend.
1128 1117 1873 1171 Bericht des k. und k. Generalstabes.
1080 1182 1476 1230 Wien, 28. Dezember.
1083 1239 1524 1288 Amtlich wird verlautbart:
1083 1291 1473 1345 „28. Dezember 1917.
1194 1358 1791 1416 Östlicher Kriegsschauplatz.
1078 1424 1356 1482 Waffenstillstand.
1137 1496 1836 1554 Italienischer Kriegsschauplatz.
1077 1562 1956 1616 Westlich der Mit. Asolone und östlich des
1032 1616 1956 1670 Mt. Solgrolo wurden feindliche Vorstöße abgewiesen.
1392 1680 1908 1732 Der Chef des Generalstabes.“
1098 1765 1866 1816 Bericht des deutschen Generalstabes.
1050 1826 1494 1876 Berlin, 28. Dezember.
1074 1881 1617 1930 Das Wolffsche Bureau meldet:
1082 1935 1953 1990 „Großes Hauptquartier, den 28. Dezember 1917.
1182 2009 1818 2059 Westlicher Kriegsschauplatz.
1071 2070 1956 2122 An einzelnen Stellen der Front lebte am Tage die
1029 2124 1955 2176 Gefechtstätigkeit vorübergehend auf. Auf dem östlichen
1029 2178 1954 2233 Maasufer war sie auch während der Nacht lebhaft.
1029 2236 1953 2287 Östlich von Luneville brachten Erkundungsabteilungen
1029 2290 1953 2341 eine Anzahl Gefangener aus den französischen Gräben ein.
1188 2365 1779 2413 Östlicher Kriegsschauplatz.
1071 2429 1320 2478 Nichts Neues.
1260 2498 1735 2551 Mazedonische Front.
1073 2562 1955 2617 Zwischen Ochrida- und Prespasee, im Cerna-
1025 2616 1956 2671 bogen und auf dem östlichen Wardarufer zeit-
1029 2669 1579 2725 weilig erhöhte Artillerietätigkeit.
2202 934 2691 988 Italienische� Front.
2025 1001 2907 1050 Tagsüber war das Feuer auf der Hochfläche von
1983 1055 2778 1104 Asiago und am Tombarücken gesteigert.
2028 1117 2847 1167 Der Erste Generalquartiermeister: Ludendorff.
2238 1199 2646 1249 Ereignisse zur See.
2082 1265 2808 1314 Die Besatzung des „Seeadlers“.
2020 1326 2454 1377 London, 27. Dezember.
2025 1373 2911 1422 Das Reutersche Bureau meldet aus Wellington:
1983 1416 2910 1464 v. Luckner und zehn andere Deutsche, die zur Be-
1982 1464 2910 1512 satzung des „Seeadler“ gehört hatten und Anfang
1981 1509 2910 1554 Oktober in einer bewaffneten Barkasse gefangen-
1980 1553 2910 1605 genommen worden waren, sind am 13. d. M. in einer
1980 1598 2909 1647 Barkasse aus dem Ort in Neuseeland, wo sie interniert
1980 1646 2909 1692 waren, geflüchtet. Drei Tage später bemächtigten sie
1979 1688 2909 1740 sich einer Prahm und machten die Besatzung zu Ge-
1979 1736 2909 1785 fangenen. Die Deutschen wurden einige Tage nachher
1977 1777 2908 1831 bei ihrer Ankunft in Fernside wieder gefangen.
1977 1830 2175 1878 genommen.
2205 1890 2669 1945 Der Unterseebootkrieg.
2016 1955 2439 2004 Berlin, 28. Dezember.
2014 2000 2559 2049 Das Wolffsche Bureau meldet:
2013 2054 2907 2103 Auf dem nördlichen Kriegsschauplatze wurden durch
1977 2099 2907 2148 unsere U-Boote neuerdings 18.000 Bruttoregistertonnen
1977 2145 2907 2193 versenkt. Unter den versenkten Schiffen befanden sich
1978 2190 2907 2238 ein großer Dampfer von mindestens 6000 Brutto-
1979 2235 2907 2286 registertonnen, ferner ein neuer englischer Dampfer,
1980 2283 2907 2331 anscheinend vom Einheitstyp, der aus einem durch
1980 2327 2907 2376 fünf amerikanische Zerstörer und mehrere Bewacher stark
1980 2372 2907 2424 gesicherten Geleitzuge herausgeschossen wurde, sowie der
1980 2419 2892 2470 französische Segler „Notre Dame de Rostrenen.“
2120 2470 2844 2524 Der Chef des Admiralstabes der Marine.“
2017 2537 2454 2586 Lugans, 27. Dezember.
2019 2582 2904 2631 Der Agenzia Americana zufolge ist in der Nähe
1980 2624 2904 2676 der brasilianischen Küste ein feindliches Unter-
1980 2675 2397 2725 seeboot gesichtet worden.
1350 964 1650 1030 Der Krieg.
1053 1043 1945 1092 (Meldungen des k. k. Telegraphen-Korrespondenz Bureaus.)
253 3041 840 3097 Rund um Alt-Wien.
310 3109 786 3155 (Ein kommunaler Gedenktag.)
129 3172 1011 3225 Der Christtag des Jahres 1857 brachte den
87 3218 1011 3270 Wienern ein schönes Weihnachtsgeschenk. An diesem
85 3260 1011 3315 Tag erschien in der „Wiener Zeitung“ das Hand-
84 3309 1011 3363 schreiben Kaiser Franz Josephs I. an den
83 3354 1011 3408 Minister des Innern Dr. Freiherrn von Bach, das die
82 3405 594 3453 denkwürdigen Worte enthielt:
140 3455 1011 3507 „Es ist Mein Wille, daß die Erweiterung der
83 3501 1011 3555 Inneren Stadt mit Rücksicht auf eine entsprechende
84 3546 1011 3597 Verbindung derselben mit den Vorstädten ehemöglichst
84 3591 1011 3642 in Angriff genommen und hiebei auch auf die
84 3635 1011 3687 Regulierung und Verschönerung Meiner Residenz- und
85 3684 1011 3735 Reichshauptstadt Bedacht genommen werde. Zu diesem
87 3729 1011 3780 Ende bewillige Ich die Auflassung der Umwallung
85 3774 1011 3825 und Fortifikation der Inneren Stadt sowie die der
86 3823 456 3870 Gräben um dieselbe.“
134 3872 1011 3924 Dem Wunsche des Monarchen entsprechend, möglichst
87 3918 1011 3969 rasch die größten Verkehrshindernisse zu beseitigen,
87 3963 1011 4014 begann lange vor Feststellung des Planes der Abbruch
87 4008 1011 4062 der Basteien und die Ausfüllung des Stadtgrabens.
88 4053 1014 4107 Am 29. März 1858 wurden an der Rotenturm-
88 4098 1014 4152 bastei die ersten Ziegel ausgebrochen. Eine große
89 4145 1014 4197 Menschenmenge hatte sich versammelt, die einen in
89 4190 1011 4245 gehobener Stimmung über die Erfüllung lang
90 4234 1014 4294 genährter Wünsche und Hoffnungen, die anderen mit
1031 2822 1957 2871 Gefühlen der Wehmut, daß die Stadt ihres historischen
1031 2865 1953 2916 Charakters, des Schmuckes der Promenaden auf den
1031 2910 1953 2961 Baſteien und auf den Glacis beraubt werde. Be-
1034 2958 1956 3006 sonders die alten Wiener waren mit dem Falle der
1032 3003 1953 3051 Basteien nicht einverstanden, denn für sie hatte der
1032 3048 1956 3099 alte Mauergürtel, der wie eine Galerie die Stadt
1032 3093 1956 3144 umgab, viel Anheimelndes. Von hier aus boten die
1032 3138 1953 3192 grünen Glacis, die mächtigen Häuser und Kirchen,
1034 3186 1956 3237 die herrlichen Berge ein reizend schönes Bild. Man
1034 3231 1956 3282 erging sich auf den Bastionen, betrachtete von dort aus
1032 3276 1957 3324 die Praterfahrten und den Eisstoß, versammelte sich
1034 3322 1956 3372 im „Paradeisgart“, und unten auf dem „Wasser-
1034 3366 1956 3417 glacis“ tummelte sich ein munteres Völklein, dort
1035 3414 1956 3462 war ein Kaffeehaus und eine Wasserheilanstalt ge-
1034 3459 1956 3510 schaffen worden, die die Wiener Witzbolde auch
1037 3504 1957 3555 „Gas“-Anstalt nannten, weil man hier für einen alten
1033 3549 1954 3597 Kreuzer ein Glas „kuhwarme“ Ziegenmilch bekam.
1033 3594 1957 3642 Wie idyllisch war doch die „Schlapfenpromenade“ auf
1033 3641 1956 3690 der Josefstädter Seite des Exerzierplatzes mit den
1033 3686 1956 3735 Konzerten beim „Apfel“, das „Schlittenbergel“ bei
1035 3729 1956 3780 der Casa piccola, welche Sensation, wenn im „Ver-
1035 3777 1958 3825 brennhäusel“, in der Nähe des Wasserglacis, alte
1034 3825 1641 3873 Banknoten in Flammen aufgingen.
1074 3870 1959 3915 Der Zutritt auf die Basteien und in den Graben
1034 3915 1959 3963 war nicht immer gestattet. Die Räume waren
1035 3957 1956 4008 vormals ganz abgeschlossen und durften von niemand
1035 4005 1959 4053 betreten werden. Es gab auch Perioden, in denen
1035 4049 1959 4098 der Graben anderen Zwecken als rein militärischen
1035 4094 1959 4146 dienen mußte. Die älteste Verwendung des Grabens
1035 4142 1959 4191 war die als Wiese. Die Aufschreibungen über den
1035 4187 1959 4236 Grasertrag reichen bis zum Jahre 1452. In diesem
1035 4231 1959 4285 Jahre wurde für den jungen Herrscher Ladislaus
1980 2819 2905 2865 Posthumus ein Tiergarten angelegt, in dem
1980 2864 2901 2913 frische, fröhliche Jagden abgehalten wurden.
1977 2908 2904 2958 Die Auslagen für die Herstellung und Er-
1977 2956 2905 3003 haltung des Tiergartens mußte die Stadt
1977 3002 2904 3051 tragen. Dafür war das erlegte Wild auch Eigentum
1974 3047 2904 3096 der Gemeinde, die damit sehr oft Geschenke an fremde
1974 3092 2904 3141 Gäste machte. So wurden 1547 den Herzogen
1974 3137 2902 3189 Ludwig, Hans und Otto von Bayern vier Hirsche,
1977 3185 2901 3231 die im Stadtgraben erlegt worden, verehrt. Die
1976 3230 2901 3279 Weidmannsherrlichkeit dauerte aber nur zehn Jahre,
1977 3275 2904 3324 dann wurde das Wild abgeschossen und heraufgezogen.
1980 3324 2904 3369 Die Vorschreibung in den Stadtbüchern erzählt davon:
1982 3369 2903 3417 „Am Sonntag nach Gallus für das Wildpret aus
1976 3413 2903 3462 dem Graben zu ziehen, zum Lohn: 42 Denar. Dem
1977 3459 2901 3510 Fuhrmann, der das Wild geführt hat: 28 Denar.
1979 3504 2901 3555 Für den Bürgermeister ein Wildpret einsalzen, Faßl
1977 3552 2385 3597 und Salz: 43 Denar.“
2018 3596 2901 3645 Dann erfolgte wieder die Umwandlung in ein
1979 3641 2903 3690 Fischwasser, aus dem sich die inneren Stadträte zur
1979 3687 2903 3735 Fastenzeit die Fische holen ließen. Sie bezahlten
1980 3732 2902 3777 dafür, wie wir aus einer Aufschreibung erfahren,
1986 3777 2902 3825 „den Fischern 11 Schillinge und dem Knechte, der
1980 3822 2901 3870 die Fische heimgetragen, 6 Denar.“ Aber auch Ein-
1980 3870 2901 3915 nahmen für verkaufte Fische sind verzeichnet sowie
1980 3912 2901 3960 Auslagen für Fischbrut. Auch durch die Donauüber-
1981 3960 2901 4008 schwemmungen kamen Fische herein, besonders bei dem
1981 4005 2902 4053 Biberturm, wo der Stadtgraben offen war. Und zwar
1981 4050 2901 4098 nicht nur Fische, sondern auch andere Wassertiere.
1982 4094 2901 4143 Dem Biberturm zunächst lag ja der Krötenturm, der
1982 4143 2901 4188 seinen Namen davon erhalten haben soll, daß sich an
1983 4184 2901 4236 seinem Fuße eine große Anzahl dieser Tiere aufhielt
1983 4229 2901 4278 und die Gegend bald in bösen Verruf brachte. Trotzdem
367 2867 720 2958 Feuilleton.
