3000 4429
138 68 729 116 Freitag den 28. Dezember 1911.
2403 66 2892 110 Wiener Abenderst Nr. 296.
132 148 1022 201 (Reichsverband der Bau- und Wohnungsgenoſſen-
104 197 1022 249 schaften.) Sonntag, den 30. d. M., findet im großen
102 241 1022 294 Sitzungssaale der Wiener Handels- und Gewerbekammer
99 289 1022 339 eine Tagung des „Reichsverbandes der gemeinnützigen
96 331 1022 383 Baugenossenschaften Österreichs“ statt, bei der u. a. Ihre Ex-
96 379 1020 431 zellenzen Minister für soziale Fürsorge Dr. Mataja und
98 428 1020 476 Vürgermeister Dr. Weiskirchner das Wort ergreifen
99 479 222 522 werden.
135 529 1020 576 (Schneefall.) Gestern abend setzte in Wien neuer
102 574 1020 621 Schneefall ein, der bis in die ersten Vormittagsstunden
101 618 1020 669 des heutigen Tages anhielt. Die Schneemassen, die bald
100 663 1022 714 alle Straßen und Wege bedeckten, hemmten schon gestern
100 709 1022 759 abend stark den Verkehr und verhinderten ihn heute morgen
99 757 1022 804 stellenweise gänzlich, obwohl noch in der Nacht Schneepflüge
99 802 1022 849 mit motorischer und Pferdebespannung in Dienst gestellt
98 847 1022 897 worden waren. Nach einer Mitteilung der Direktion der
99 894 1022 942 städtischen Straßenbahnen ist im elektrischen Betriebe bisher
99 940 1022 987 nur der Verkehr nach Roth-Neusiedl nicht aufgenommen
99 985 1022 1032 worden; im Dampfbetrieb ist der Verkehr zwischen Aspern
96 1030 1022 1077 und Groß-Enzersdorf eingestellt und die Strecke zwischen
99 1078 1022 1122 Mauer und Perchtoldsdorf noch nicht freigemacht. Mit
99 1123 1022 1170 der Militärbehörde wurde schon gestern wegen Bei-
99 1167 1022 1215 stellung von Mannschaften verhandelt. Der Direktion
99 1215 1022 1260 der Straßenbahnen wurden für heute früh 3100 Mann
99 1261 1023 1308 zugesagt. Die Aufnahme von Zivilarbeitern hat heute
99 1306 1023 1353 bereits vor 4 Uhr früh begonnen; 1 Uhr hatten
98 1351 1023 1398 sich ungefähr 4000 Mann zur Arbeit gemeldet. In
99 1395 1020 1443 der kommenden Nacht wird durch 100 Loris der Straßen-
99 1443 1023 1491 bahn die Schneeabfuhr im großen Stil begonnen werden:
99 1489 1023 1536 ferner soll, wenn möglich, eine Verlängerung der Arbeitszeit
99 1534 1023 1581 durch Einführung von Nachtschichten durchgeführt werden.
101 1578 1023 1626 Die Marktzufuhren sind recht schwach, doch ist es
102 1626 1021 1674 gelungen, die Kartoffelabgabestellen mit Ware zu versorgen.
102 1671 1023 1719 Auch in der Milchzufuhr von auswärts ist derzeit noch
102 1716 1023 1764 keine Stockung eingetreten; die Menge der mittels Bahn
102 1764 1023 1812 zugeführten Milch beläuft sich jetzt auf 140.000 Liter täglich.
102 1806 1020 1854 Vormittags hat sich der Bürgermeister an das Militär-
102 1855 1023 1902 kommando gewendet, um eine weitere Zahl von Soldaten
102 1903 1023 1950 und Kriegsgefangenen zur Straßensäuberung zu erhalten.
105 1945 1023 1995 Der Bürgermeister wird sich mit einem Aufruf an die
102 1993 1023 2040 Bevölkerung wenden, damit insbesondere in den engeren
102 2035 1023 2085 Gassen durch freiwillige Hilfeleistungen der Schnee aus der
105 2082 1023 2130 Fahrbahn gegen den Rand der Straße geschafft wird, da
105 2130 1023 2178 sich dermalen schon die Kohlenzufuhr in die peripheren
102 2175 1023 2223 Bezirke sehr schwierig gestaltet und eine große Zahl Klein-
102 2223 1023 2271 kohlenhändler nicht mit den nötigen Vorräten beliefert
102 2268 1023 2319 werden komme. Die Straßenbahndirektion stellt neuerlich
102 2314 1023 2364 das Ersuchen an die Bevölkerung, jede unnötige Fahrt in
102 2359 1023 2412 diesen Tagen, insbesondere die Fahrten auf kurzen Strecken,
102 2407 339 2451 zu unterlassen.
140 2472 1020 2516 (Vor hundert Jahren.) Die „Wiener Zeitung“
105 2515 1020 2559 von Ende November und Anfang Dezember 1817 be-
104 2560 1020 2607 richtete: Ihre Majestäten der Kaiser und die Kaiserin
105 2605 1020 2652 sind am 19. November Nachmittags von ihrer durch einen
103 2653 1020 2699 großen Teil der Monarchie unternommenen Reise, nach
105 2698 1020 2745 einer fünf Monate langen Abwesenheit, zur Freude aller
105 2743 1020 2790 Bewohner Wiens in erwünschtem Wohlsein wieder hier ein-
102 2791 1020 2838 troffen. Von der Anwesenheit in Graz wird nachträglich
102 2836 1020 2886 berichtet, daß Ihre Majestäten, der Kronprinz und Erzherzog
101 2881 1020 2928 Johann am 13. dem für die Armen veranstalteten maskierten
100 2926 1020 2976 Balle beiwohnten. Das Herrscherpaar und der Kronprinz
100 2970 1020 3018 besuchten ferner die durch ihre Einrichtung und Größe des
102 3018 1020 3063 Betriebes sehenswürdige Lederfabrik des Karl Lebohl und
102 3064 1020 3111 würdigten die vervollkommnete Bearbeitung der sonst
102 3109 1017 3156 größtenteils nur aus England beziehbaren Ledergattungen.
102 3154 1020 3204 Der Kronprinz besichtigte auch die Kattunfabrik, ließ sich
99 3199 1020 3246 alle Abteilungen und Arbeiten des Druckes und der
102 3247 1020 3291 Färbung in ihren Einzelheiten zeigen und widmete
99 3292 1020 3336 für die Arbeiter ein großmütiges Geschenk. Auch das
101 3334 1020 3384 „Joanneum“ wurde mit einem zweiten Besuche beehrt. —
96 3382 1020 3429 Am 15. November traf Prinzessin Maria Anna von
96 3426 1020 3474 Sachsen, die Neuvermählte des Erzherzogs Leopold,
96 3474 1020 3522 Erbgroßherzogs von Toscana, aus München in Trient
96 3519 1020 3564 ein. Seit dem 9. d. M. befand sich dort der Übernahms-
96 3565 1020 3612 kommissar des toscanischen Hofes Fürst Rospigliosi; am
99 3610 1020 3657 12. erfolgte der Akt der Übergabe, worauf die Erbgroß-
98 3655 1020 3702 herzogin die Reise nach Toscana antrat. Am 16
96 3702 1020 3747 ist Ihre königliche Hoheit in Florenz angekommen. —
99 3748 1020 3795 Herr von Kotzebue macht in öffentlichen Blättern aus
105 3793 1020 3840 Weimar unter dem 15. Oktober bekannt, daß er ein
114 3838 1020 3885 iterarisches Wochenblatt herausgeben, in wel-
93 3885 1020 3930 chem er den Geist unserer und fremder Literatur darzu-
117 3930 1020 3978 ellen sich bestreben wird; es wird jeder Unart, jeder
96 3975 1020 4023 Schwärmerei abhold sein, mit guter Laune, doch mit An-
96 4020 1020 4068 Hand die gesunde Vernunft, das Recht und die Tugend
92 4066 1020 4116 vertreten. — Am 18. Oktober wurden zu Lissabon
96 4113 1020 4161 General Gomez Freire und sieben seiner Gefährten
99 4158 1020 4206 gehängt, hierauf verbrannt und ihre Asche in den Tajo
99 4203 1020 4254 gestreut; vier andere wurden gehängt, aber die Leichname
102 4248 1020 4299 ihren Verwandten zum Begräbnisse verabfolgt. In einer
1049 143 1974 189 gedruckten, von dem Regenerationskonseil unterzeichneten
1050 187 1971 231 Bekanntmachung wurde der Nachweis erbracht, daß die
1049 231 1971 279 Verschwörer den Sturz der gegenwärtigen Regierung und
1049 273 1972 324 ihre Ersetzung durch eine andere geplant hatten. —
1049 321 1972 372 Eine schottische Zeitung verbreitete grundlose Gerüchte in
1049 370 1971 417 Bezug auf die Gefahr bei Reisen auf Dampfschiffen.
1048 415 1971 462 Dies bewog den Herausgeber des „Monatlichen Magazins“,
1048 460 1971 507 eine Fahrt in einem dieser Schiffe von London nach
1048 508 1971 552 Margate zu machen, worüber er dann ausführlich berichtete
1048 553 1972 600 und hiebei zum Schlusse kommt, daß eine solche Reise weniger
1048 597 1968 642 Gefahr in sich schließt, als bei einem kochenden Teetessel
1048 642 1968 690 oder einer Bratpfanne einige Stunden zu verweilen.
1050 687 1971 735 Das Schiff langte eine Stunde früher, als der Kapitän
1048 733 1971 780 beim Abfahren angesagt hatte, an der Brücke zu Margate
1048 778 1971 825 an, nachdem der Dampfer nur neun Stunden gebraucht
1049 823 1971 870 hatte, um eine Strecke von 90 englischen Meilen zurück-
1050 871 1970 918 zulegen. — Die Geroldsche Buchhandlung in
1050 916 1970 966 Wien zeigt allen Lesegesellschaften und Freunden der schönen
1050 961 1970 1011 Künste und Wissenschaften an, daß auch im Jahre 1818 die
1049 1005 1970 1059 heuer so glücklich begonnene „Abendzeitung“,
1047 1054 1969 1104 herausgegeben von Th. Hell und Friedrich Kind,
1047 1098 1969 1146 wiederum täglich erscheinen wird. Bei dem jetzigen Jahr-
1049 1143 1969 1191 gange kamen als Mitarbeiter u. a. folgende Schriftsteller
1047 1188 1969 1236 zum Abdrucke: H. Clauren, Castelli, Gleich, Holtei, von
1047 1233 1968 1284 Kotzebue, Krug von Nidda, A. Klingemann, Graf von
1047 1278 1968 1329 Löben, von Miltitz, Oehlenschläger, C. Pichler, Semler,
1047 1324 1774 1374 Vulpius, Weinbrenner und C. M. von Weber.
1080 1382 1971 1431 (Österreichisch-ungarische Kolonie in Hamburg.)
1047 1419 1971 1466 Aus Hamburg wird uns geschrieben: Die seit Kriegsbeginn
1047 1455 1968 1502 unter dem Ehrenvorsitz des österreichisch-ungarischen General-
1047 1494 1970 1538 konsuls Ritter von Princig-Herwalt hier tätige
1047 1530 1970 1574 österreichisch-ungarische Kriegsfürsorge
1047 1566 1970 1610 war auch in den letzten Monaten mit wirksamem Eifer
1047 1605 1968 1649 darauf bedacht, das Interesse Hamburgs für die zahlreichen
1047 1641 1965 1685 Hilfsbedürftigen der österreichisch-ungarischen Kolonie wach
1047 1677 1968 1721 zu halten. Für die mannigfaltigen und stetig wachsenden
1050 1712 1968 1760 Anforderungen wurden bereits nahezu 11/7 Millionen
1047 1749 1968 1796 Kronen aufgebracht. Die österreichisch-ungarische Kolonie in
1050 1787 1965 1832 Hamburg zählt mehr als 60.000 Köpfe, aus ihrer Mitte stehen
1050 1824 1965 1868 über 12,000 Mann, die ihre vielfach unversorgten Familien
1047 1860 1968 1907 der charitativen Obhut überantworten mußten, unter den
1050 1896 1968 1943 Waffen. Die Hilfstätigkeit erstreckt sich auch über den Kriegsschluß
1050 1935 1968 1979 hinaus auf die dem großen Konsularbezirk zugehörigen
1047 1971 1967 2015 Kriegswitwen, waisen und invaliden, denen der erstarkende
1050 2007 1967 2051 „Princig-Herwalt-Fonds“ gewidmet ist. In besonders
1047 2043 1967 2087 ersprießlicher Weise wirkt der unter dem Präsidium der
1047 2079 1967 2126 Gemahlin des österreichisch-ungarischen Generalkonsuls
1049 2115 1966 2162 stehende Frauenunterstützungsverein. Die Betätigung
1049 2152 1966 2198 unserer Landsleute in Hamburg hat auch zugunsten
1050 2190 1965 2234 der siebenten Kriegsanleihe einen von außerordent-
1050 2229 1965 2273 lichem Erfolge begleiteten Ausdruck gefunden: es erfolgten
1049 2265 1965 2309 Zeichnungen auf beide Kriegsanleihen im Betrage von
1047 2301 1965 2348 mehreren Millionen Kronen. Dieser Propaganda ging unlängst
1050 2337 1965 2384 im Deutschen Schauspielhaus eine Wohltätigkeitsveranstaltung
1050 2373 1965 2420 zum Besten der Kriegsfürsorge voran. Vor einem erlesenen
1050 2412 1965 2456 Publikum wurde Raimunds „Verschwender“ in neuer
1050 2448 1966 2495 Ausstattung unter der Leitung des aus Wien stammenden
1050 2486 1966 2531 Charakterdarstellers Montor und unter der Mitwirkung
1050 2523 1966 2567 des sonst nicht mehr auftretenden artistischen Direktors
1050 2559 1966 2606 Max Grube zum ersten Mal aufgeführt, wobei sich u. a.
1047 2598 1966 2642 die insgesamt von österreichischem Temperament getragenen
1050 2634 1966 2678 Künstler Karl Wagner, Heinrich Lang, Hermann Blach,
1047 2670 1967 2717 Olla Bauer und Klara Kristl hervortaten. Das Gesamt-
1047 2706 1967 2753 erträgnis dieser Festvorstellung führte der österreichisch-
1047 2745 1967 2789 ungarischen Kriegsfürsorge eine Reineinnahme von fast
1047 2781 1967 2825 40,000 Kronen zu. Einen Zusammenschluß der reichs-
1047 2820 1967 2861 deutschen und österreichisch-ungarischen Kreise brachte auch
1047 2853 1967 2900 der kürzlich abgehaltene Kongreß des Deutsch-Österreichisch-
1047 2892 1967 2936 Ungarischen Wirtschaftsverbandes mit dem Österreichisch-
1047 2928 1968 2972 Deutschen und dem Ungarisch-Deutschen im Patriotischen
1047 2964 1965 3008 Gebäude zu Hamburg. Neben 515 Einzelteilnehmern,
1047 3000 1968 3044 112 wirtschaftlichen Körperschaften, 28 Handels- und
1047 3036 1968 3083 Gewerbekammern und 14 Stadtverwaltungen waren auch
1047 3075 1968 3119 29 Behörden, unter ihnen das Berliner Auswärtige Amt,
1047 3111 1968 3155 das Ministerim des Äußeren in Wien, das österreichische
1047 3150 1968 3191 und das ungarische Handelsministerium, das österreichische
1047 3183 1965 3227 Ministerium für öffentliche Arbeiten an der Tagung beteiligt.
1047 3223 1968 3266 Ein festlicher Empfang, den Generalkonsul Ritter von
1047 3258 1968 3302 Princig-Herwalt zu Ehren der aus den eng-
1047 3294 1968 3338 verbündeten Reichen erschienenen Gäste veranstaltete, bot
1047 3330 1968 3374 Gelegenheit zu einem angelegentlichen und herzlichen Ge-
1047 3366 1968 3410 dankenaustausch. Einige Tage nach diesem Kongreß ver-
1047 3402 1968 3446 sammelten sich die leitenden Mitglieder der österreichisch-
1047 3441 1968 3486 ungarischen Kolonie in der katholischen Michaelis-Kirche zu
1047 3477 1970 3521 einer feierlichen Trauermesse für weiland Se. Majestät
1048 3515 1968 3558 Kaiser Franz Joseph I. Für die nächste Zeit ist auf
1050 3552 1968 3593 Anregung des Schriftstellers Anton Lindner im Staatlichen
1050 3588 1970 3632 Kunstgewerbemuseum zu Hamburg eine Ausstellung der
1050 3624 1971 3668 mustergültigen Soldatengrab- und Kriegerdenkmalentwürfe
1050 3660 1971 3704 aus Österreich geplant. Zugleich soll in einer großen Ham-
1051 3696 1971 3740 burger Kunstgalerie eine österreichisch-ungarische Kriegs-
1052 3735 1971 3776 malerei- und Kriegsgraphikausstellung zu vaterländischen
1053 3768 1641 3813 Wohltätigkeitszwecken eröffnet werden.
1086 3878 1972 3923 (Wetter.) Die Vorhersage lautet: Vorwiegend trüb,
1050 3914 1971 3957 zeitweise Niederschläge, etwas wärmer, mäßige westliche
1053 3951 1171 3995 Winde.
2001 138 2924 189 Moncza, Romberg, Tiedte und Zesta, die Damen Albach-
1999 183 2922 234 Retty, Burg, Liesenberg, Medelsky, Schulz und Wittels.
1998 230 2352 279 Anfang sieben Uhr.
2025 287 2919 336 Im Hofoperntheater gelungen Sonntag, den
1995 330 2916 381 30. d. M., „Die Meistersinger von Nürn-
1993 378 2916 426 berg“ mit den Damen Lehmann, Kittel und den Herren
1992 423 2919 474 Slezak, Weidemann, Mayr, Wiedemann, Duhan, Maikl,
1992 468 2922 519 Breuer, Gallos, Madin, Marian, Betetto, Paul, Traxler
1993 513 2688 564 Wagner zur Aufführung. Anfang 51/2 Uhr.
2028 569 2919 617 Im Theater in der Josefstadt gelangt nächsten
1995 605 2916 656 Sonntag die Komödie „Die Tänzerin“ mit Frau
1994 645 2916 692 Konstantin als Gast zum letzten Mal als Nachmittags-
1994 681 2429 728 vorstellung zur Darstellung.
2025 731 2915 782 Auf der Neuen Wiener Bühne kam gestern das
1995 771 2913 818 Lustspiel „Prokurist Poldi“ von Armin Fried
1996 810 2916 854 mann und Ludwig Nerz zur 25. Aufführung und fand
1996 846 2916 893 dank dem flotten Spiel wieder die freundlichste Aufnahme.
1996 882 2917 929 Die Darsteller, allen voran die Damen Förster, Wolff und
1997 918 2917 965 Süßenbeck, die Herren Jensen und Stärck, wurden wiederholt
1997 956 2655 1004 mit schmeichelhaftem Beifall ausgezeichnet.
2028 1001 2916 1049 Im Schauspielhause zu München gelangte die
1998 1037 2918 1085 Komödie „Das Wiegenlied“ von G. Martinez
1998 1074 2919 1121 Sierra zur Uraufführung. Die Komödie des spanischen
1997 1109 2919 1161 Autors, der bisher auf der deutschen Bühne noch nicht
1996 1149 2919 1196 gespielt wurde, behandelt das Nonnenleben. Es geschieht
1996 1184 2917 1235 ohne Tendenz, in stimmungsvoller Zustandsschilderung.
1996 1220 2357 1269 Das Stück interessierte.
2028 1268 2916 1317 In Klotsche bei Dresden ist der ehemalige Oberregisseur
1995 1301 2916 1352 des Carl-Theaters und des Theaters an der Wien Hugo
1995 1338 2916 1391 Benedix im Alter von 81 Jahren gestorben. Benedix,
1994 1377 2916 1424 der ursprünglich Landwirt gewesen war, kam 1866 nach
1995 1412 2916 1463 Wien und war von 1868 bis 1882 am Carl-Theater unter
1993 1451 2915 1499 den Direktoren Ascher, Jauner und Tewele als Regisseur
1993 1487 2915 1535 tätig. Hierauf leitete er das Theater in der Josefstadt und
1993 1523 2914 1571 trat im Jahre 1884 als Oberregisseur in den Verband des
1992 1560 2913 1610 Theaters an der Wien. Im Jahre 1900 zog er sich von
1992 1597 2283 1641 der Bühne zurück.
2028 1688 2913 1736 (Spielplan des Hofburgtheaters.) Sonntag, 30. De-
1992 1725 2913 1778 zember, „Fasching“. (Anfang 7 Uhr.) — Montag, 31.,
1992 1761 2913 1811 „Die verlorene Tochter“. Bei aufgehobenem Saisonabonne-
1992 1796 2913 1850 ment, für den Pensionsverein dieses Hoftheaters. (Anfang
1992 1832 2895 1883 7 Uhr.) — Dienstag, 1. Jänner, „Garten der Jugend“
1992 1868 2895 1919 (Anfang 7 Uhr.) — Mittwoch, 2., „Der Dummkopf“
1992 1904 2913 1958 (Anfang 61/2 Uhr.) — Donnerstag, 3., „Es lebe das
1992 1944 2913 1994 Leben“. (Anfang 61/2 Uhr.) — Freitag, 4. „Der Weibs-
1992 1980 2907 2030 teufel“ (Anfang 7 Uhr.) — Samstag, 5., Zwischenspiel“.
1992 2016 2901 2066 (Anfang 7 Uhr.) — Sonntag, 6., „Götz von Berlichingen“
1992 2051 2914 2105 Bei aufgehobenem Saisonabonnement, für den Pensions-
1992 2090 2700 2138 verein dieses Hoftheaters. (Anfang 51/2 Uhr.)
2349 2227 2559 2284 Lokiases.
2025 2291 2913 2342 (Verhaftungen.) Anläßlich der Überwachung des Ver-
1992 2331 2913 2378 kaufes von Geflügel, namentlich Fettgeflügel bei den Klein-
1992 2367 2913 2417 händlern, die im Auftrage des Kriegswucheramtes seit
1992 2406 2913 2453 Samstag, den 22. d. M., von Organen dieses Amtes
1991 2442 2913 2489 durchgeführt wird, wurde festgestellt, daß die Geflügel-
1992 2481 2913 2525 händlerin Anna Luzatti rohes Gänsefett zum über-
1992 2514 2914 2564 mäßig hohen Preise von 36 Kronen verkaufe, während der
1991 2553 2913 2600 Richtpreis für diese Woche 32 Kronen betrug. Man erkundigte
1992 2589 2914 2639 sich nach ihrem Lieferanten und entnahm der Rechnung,
1992 2624 2913 2672 daß Frau Luzatti dieses Fett von dem Großhändler Simon
1992 2663 2913 2708 Hungerleider bereits zu übermäßig hohem Preise
1992 2700 2915 2747 von 33 Kronen gekauft habe. Es wurde festgestellt, daß er
1992 2736 2915 2783 sich seit einem Monat mit der Einfuhr von rohem Gänse-
1990 2774 2915 2819 fett befaßte, um es an die Staudinger Waggonfabrik
1992 2810 2915 2856 Schöller u. Komp. und an die Wöllersdorfer Munitions-
1990 2846 2915 2894 fabrik zu liefern. Er hatte sich verpflichtet, das Fett zum
1990 2883 2915 2930 Selbstkostenpreis und nur gegen eine Provision von
1989 2919 2915 2966 1 Krone für das Kilogramm abzugeben. Bei einer in dem
1989 2955 2915 3005 Geschäfte Hungerleiders vorgenommenen Durchsuchung
1989 2994 2916 3041 wurden nun bezüglich der Fettimporte Doppelfakturen
1989 3033 2913 3077 gefunden, welche auf zweierlei Preise lauteten, wodurch
1989 3069 2913 3113 Hungerleider einen widerrechtlichen Gewinn von 50 Heller
1989 3104 2913 3149 für das Kilogramm erzielte. Seine Bücher, die übrigens
1990 3141 2913 3188 äußerst mangelhaft geführt sind, wurden einer genauen
1990 3177 2913 3224 Durchsicht unterzogen und ermittelt, daß Hungerleider Mitte
1992 3213 2916 3260 Dezember, zu welcher Zeit Knappheit an Fettgeflügel geherrscht
1992 3248 2913 3297 hat, einen Waggon mit etwa 9000 Kilogramm Geflügel
1991 3285 2914 3335 nach Prag gesendet hat, um die dort bestehenden höheren
1992 3323 2916 3368 Preise zu erzielen. Wegen Verdachtes der Preistreiberei
1992 3359 2916 3405 durch Forderung übermäßig hoher Preise und durch Ein-
1992 3398 2916 3443 schränkung des Handels wurde Hungerleider in Haft
1992 3434 2913 3479 genommen und wegen Kollusionsgefahr dem landes-
1992 3470 2916 3515 gerichtlichen Gefangenhause eingeliefert. Die Er-
1993 3506 2914 3555 hebungen im Falle Hungerleider sind noch nicht völlig
1993 3542 2916 3588 durchgeführt. — Gestern nachmittag hielt der Gefreite
1993 3578 2916 3626 der Militärpolizei Birnbaum im Prater, Enusgasse, den
1994 3615 2916 3662 Einbrecher Ferdinand Gerstmann zur Ausweisleistung
1995 3654 2916 3698 an. Gerstmann lief gegen den Erzherzog Karl Platz und
1995 3690 2916 3734 zog auf der Flucht einen Revolver, aus dem er auf den
1995 3726 2916 3770 ihn verfolgenden Gefreiten sechs Schüsse abgab. Die Schüffe
1995 3762 2916 3809 galten auch den Sicherheitswachmännern Pils und Paul,
1995 3798 2913 3845 die sich der Verfolgung angeschlossen hatten. Alle sechs
1996 3834 2916 3881 Kugeln gingen fehl. Gefreiter Birnbaum gab gleichfalls
1996 3870 2916 3920 aus seinem Dienstrevolver Schüsse ab, ohne zu treffen.
1996 3906 2917 3956 Gerstmann blieb schließlich stehen und ließ sich verhaften.
1998 3945 2916 3992 In seinem Besitze wurden 1600 Kronen bares Geld, einige
1998 3981 2916 4028 goldene Ringe und ein Paar goldener Ohrgehänge gefunden.
1998 4017 2919 4064 Geld und Juwelen rühren vermutlich von einem Einbruche
1998 4053 2614 4100 her. Die Erhebungen werden fortgesetzt.
1317 4048 1715 4099 Theater und Kunst.
1080 4116 1971 4163 Im Hofburgtheater gelangt Sonntag, den
1047 4161 1972 4208 30. d. M., Franz Molnars Spiel in drei Aufzügen
1047 4206 1973 4254 „Fasching“ zur Aufführung. Es wirken mit die Herren
1047 4251 1974 4299 Elmhorst, Frank, Gehrs, Gerasch, Heine, Heller, Höbling,
2034 4107 2916 4154 (Mittenhandel.) Der Zuckerbäcker Luigi Giovanni
1998 4143 2916 4190 Sironi betrieb im Hause Alsergrund, Grüne-Torgasse
1998 4182 2916 4226 Nr. 19 A, eine Filiale, in der er bis Anfang November
1998 4219 2913 4262 d. J. Gefrorenes erzeugte. Als Geschäftsführer hat er den
1998 4254 2916 4298 konfinierten Reichsitaliener Santo Bot bestellt. Obwohl
