3000 4429
114 50 603 106 Abend. 206
2242 47 2838 102 Freilag, den 28. Dezember 1917.
150 153 912 205 Das ezochisch-slovakische Heer.
112 216 555 273 Lugen 7. Dezember.
114 262 993 315 Der Benter cychische Nationalrat hat durch den
72 303 993 360 Generalfeketan das Ir
71 349 993 408 sidium der ilienischen Beputtertenkammer ein Bank-
69 393 993 453 telegrenzt für die Gußworte an das czechisch-
72 441 996 498 stoveHer in Frünkreich gesandt. Das Belegramm
74 488 990 543 vom Triumph über den gemeinsamen Feind.
396 640 675 707 Meldungen
508 705 571 751 des
156 752 909 810 Telegraphen-Korrespondenz-Bureaus
375 826 702 887 Deutsches Reich.
74 895 1001 957 Eine Außerung des Feldmarschalls
384 948 744 999 von Mackensen.
117 1011 549 1065 Berlin, 28. Dezember.
120 1054 1002 1107 Generalfeldmarschall von Mackensen sagte in einem
78 1099 1002 1155 Dankschreiben an den Bürgermeister einer Stadt, die
76 1144 999 1203 ihm das Ehrenbürgerrecht verliehen hat: Hoffentlich
76 1189 1002 1248 kehrt die friedliche Zeit bald wieder. Wie die Sonne
77 1237 1002 1296 scheint auch der Weltfriede von Osten kommen zu
77 1278 1003 1341 wollen. Der deutsche Soldat wird ihn siegreich er-
78 1332 507 1386 kämpfen, voll Zuversicht.
435 1467 648 1526 Bulgarien.
390 1542 690 1590 Gedenkfeier.
120 1599 1001 1659 Sosia, 27. Dezember. (Meldung der Bulgarischen
75 1652 447 1704 Telegraphen-Agentur.)
119 1693 1001 1752 In den ersten Dezembertagen hat die Bevölkerung der
75 1738 1002 1797 mazedonischen Städte Resna, Ochrida und Struga
74 1784 999 1842 durch rührende Kundgebungen den zweiten Jahrestag
75 1829 1002 1887 ihrer Befreiung vom serbischen Joche gefeiert. Für die
74 1877 1002 1935 im Kampf um die Freiheit Mazedoniens gefallenen
74 1925 876 1980 Helden wurden Trauergottesdienste abgehalten.
462 2064 612 2118 Türkei.
1212 234 1752 289 Ein Stimmung Bericht.
1062 299 1578 351 Spelhagen, 27. Dezemher.
1071 346 1938 396 Sochaldekraten gibt eine Unterredung
1020 391 1941 441 mer, die der Stockholmer Vertreter diess Blattes
1023 436 1941 486 mit den schwedischen szulistischen Reichstagsabge-
1020 484 1944 533 ordneten Hoeglund gehabt hat, der gestern von
1021 530 1944 578 seiner Reise nach St. Petersburg zurückgekehrt ist.
1021 575 1947 623 Hoeglund sagte, daß die Nachrichten der Entente über
1021 620 1947 669 Unruhen in St. Petersburg vollkommen aus der Luft
1021 667 1944 717 gegriffen seien. Ebenso falsch seien die Behauptungen,
1021 712 1947 762 daß die Regierungsmitglieder mit diktatorischer Gewalt
1022 754 1947 807 aufträten. Die Volkskommissäre seien den Exekutiv-
1023 802 1947 852 komitee verantwortlich und jeder Minister habe ein
1023 851 1947 897 Kollegium zur Seite, das bei allen Entscheidungen
1023 893 1947 942 mitbestimmend sei. Die Grundlage für die Macht der
1023 941 1947 990 Bolschewiki-Regierung bilden zwei Millionen Soldaten
1026 986 1949 1035 sowie fast die gesamte organisierte Arbeiterschaft. Die
1026 1031 1950 1080 gemäßigten sozialistischen Parteien verfügen nur über
1023 1079 1557 1124 eine geringe Anzahl Stimmen.
1065 1132 1950 1182 über die Ernährungsverhältnisse sagte Höglund, daß
1026 1178 1950 1227 natürlich in den Restaurants alles sehr teuer, aber
1026 1223 1947 1271 eigentlich nicht teurer sei als in Stockholm. Die Ver-
1026 1268 1947 1316 sorgung mit Lebensmisteln sei bedeutend besser ge-
1024 1316 1947 1362 worden, seit die Beeschewiki zur Macht gelangt sind.
1024 1361 1950 1409 Bedeutende Lebensmittelvorräte, die geheimgehalten
1024 1406 1798 1455 worden waren, wurden entdeckt und verteilt.
1092 1479 1888 1530 Der Eisenbahnerkongreß für Lenin.
1068 1539 1952 1590 St. Petersburg, 27. Dezember (Meldung der
1026 1588 1719 1635 St. Petersbürger Telegraphen-Agentur.)
1067 1633 1953 1683 Der Kongreß der Eisenbahner, der mit der Auf-
1026 1681 1953 1731 gabe bestaut ist, die ganze Eisenbahnfrage zu regeln,
1026 1725 1833 1776 hat Liin zu seinem Ehrenvertreter gewählt.
1287 1787 1691 1842 Der Bürgerkrieg.
1059 1850 1951 1902 Prosnyj, 27. Dezember. (Meldung der St.
1029 1898 1641 1947 Petersburger Telegraphen-Agentur.)
1071 1940 1953 1992 Die Bewegung der Truppen des Rates der Volks-
1025 1987 1953 2037 kommissäre gegen Rostow von der kaukasischen Front
1026 2035 1954 2082 her wächst fortgesetzt. Täglich kommen mehrere Züge
1029 2080 1955 2127 mit Soldaten durch Grosnyj. Kosaken versuchten im
1026 2125 1953 2172 Bahnhof Mineralnija Wody die Durchfahrt der nach
1026 2169 1956 2220 Rostow bestimmten Truppen aufzuhalten. Der Versuch
1032 2218 1263 2265 ist mißglückt.
2088 146 2766 198 Requirierung einer Druckerei.
2007 200 2895 252 St. Petersburg, 27. Dezember. (Meidung des
1965 247 2352 297 Reuterschen Bureaus.)
2010 291 2895 345 Die große Drückerei der „Birschewyja Wiedo-
1968 337 2898 390 moff“ ist für die Bedürfnisse des Zentralkomitees
1965 386 2826 435 der Arbeiter- und Soldatenräte requiriert worden.
2106 447 2751 498 Die Vorgänge in Finnland.
2010 505 2496 552 Stockholm, 27. Dezember.
2010 547 2895 600 Aus Haparanda wird gemeldet: Die russische
1971 592 2894 645 Ausgabe der finnländischen Verordnungen und Gesetze
1971 639 2892 690 ist eingestellt worden. Die Postämter in Finnland
1971 684 2811 735 nehmen Abonnements auf deutsche Zeitungen an.
2328 778 2541 835 Frankreich.
2331 841 2538 887 Kammer.
2013 894 2895 945 Paris, 27. Dezember. (Meldung der Agence Havas.)
2010 940 2895 990 Die Kammer hat am Schlusse der Interpellations-
1971 985 2895 1035 debatte über die Politik der Regierung hinsichtlich
1971 1030 2895 1080 Rußlands einstimmig mit 384 Stimmen eine Tages-
1971 1074 2898 1128 ordnung angenommen, welche die Regierungserklärung
1971 1123 2091 1170 billigt.
2325 1216 2544 1270 Rumänien.
1994 1277 2871 1329 Zu den Äußerungen Marghilomans.
2013 1329 2469 1383 Bukarest, 27. Dezember.
2016 1378 2895 1431 Zum Interview, das Marghiloman einem
1977 1423 2898 1473 Mitarbeiter des Transozean-Nachrichtendienstes gewährt
1977 1468 2898 1518 hatte, schreibt „Lumina“: Reich an trauriger und
1977 1513 2900 1565 schmerzlicher Erfahrung, sieht Rumänien, daß es sich
1975 1558 2900 1610 verirrt hat. Als Bedingung, daß es nicht wiederum
1976 1607 2901 1655 den rechten Weg verliert, wünscht Marghiloman
1977 1652 2901 1703 zwischen den Mittelmächten und Rumänien eine innige
1977 1697 2895 1748 Verbindung von Volk zu Volk. Auch wir glauben,
1978 1741 2899 1796 daß alles getan werden muß, damit die Erneuerung
1978 1789 2901 1838 des alten Bündnisses für das rumänische Volk
1979 1835 2902 1886 den Anfang einer neuen Ära bedeute. Das Rumänien
1979 1880 2904 1931 nach dem Kriege muß ganz verschieden sein vom alten
1980 1925 2904 1976 Rumänien. Zu diesem Zwecke müssen wir vor der
1981 1970 2904 2021 Wiederkehr der Unordnung, der Bestechung und des
1981 2015 2904 2066 Alkoholismus bewahrt werden. Da all dies eine Folge-
1982 2063 2904 2114 erscheinung des alten Systems war, muß eben dieses
1983 2111 2904 2159 System verschwinden. In diesem Sinne will das ganze
1983 2156 2907 2207 rumänische Volk von der Regierung in Jassy nichts
1980 2200 2907 2253 wissen. Sie muß zurücktreten, und mit ihr muß das
1980 2244 2908 2298 ganze System verschwinden, das ihr die Macht ge-
1977 2292 2199 2340 gegeben hat.
1389 169 1572 223 Ruind.
71 2132 996 2193 Freier Devisenverkehr mit Deutschland.
118 2200 696 2252 Konstantinopel, 27. Dezember.
120 2239 996 2294 Das Finanzministerium teilt mit, daß der Devisen-
72 2287 999 2342 verkehr mit Deutschland vom 1. Jänner an wieder
76 2339 259 2390 frei wird.
236 2395 843 2452 Tod Schemseddin Paschas.
118 2450 693 2508 Konstantinopel, 27. Dezember.
122 2493 1002 2553 Der Naib-us-Sultan (Vertreter des Sultans
75 2538 1002 2598 in Tripolitanien) Schemseddin Pascha ist hier
77 2595 249 2649 gestorben.
1209 2286 1818 2341 émoralisation der Kosaken.
1068 2350 1956 2403 St. Petersburg, 27. Dezember. (Meldung der
1026 2398 1716 2448 St. Petersburger Telegraphen-Agentur.)
1065 2443 1955 2493 Die Kosaken befinden sich in einem Zustande der
1026 2488 1955 2541 Demoralisation. Die Fronttruppen weigern sich, gegen
1026 2533 1954 2586 die Regierungstruppen zu ziehen. Eine bei Alexandrowsk
1029 2581 1954 2631 stehende Division hat die Waffen niedergelegt. Ihr
1026 2624 1953 2676 Beispiel ist von anderen Regimentern befolgt worden.
2364 2384 2511 2443 Japan.
2163 2444 2715 2499 Audienzen beim Kaiser.
2015 2497 2526 2550 Amsterdam, 27. Dezember.
2013 2542 2911 2601 Dem „Algemeen Handelsblad“ zufolge meldet
1986 2591 2908 2645 „Daily Chronicle“ aus Osaka vom 22. d. M.:
1980 2636 2908 2687 Heute früh empfing der Kaiser den Minister des
1980 2680 2904 2735 Außern und drei Gensy-Mitglieder. Man mißt dieser
1980 2725 2901 2780 Unterredung große Bedeutung bei, da man glaubt,
1980 2773 2901 2826 daß über die Haltung Japans gegenüber Rußland
1980 2817 2775 2871 im Falle eines Sonderfriedens beraten wurde.
80 2788 1005 2847 fanden sich auch Leute, die gleich nebenau im „Sau-
78 2834 1005 2892 winkel“ (heute: Auwinkel) wohnten. Die malerischen
78 2882 1005 2937 Basteihäuschen mit den kleinen Vorgärten daselbst
76 2930 465 2985 waren gar nicht übel.
122 2971 1006 3030 Der erste schöne Frühlingstag lockte die Wiener
74 3017 1005 3075 vor die Tore der Stadt, wo ihnen der weite Wiesen-
78 3065 1005 3120 plan der Glacis einen leichten Naturgenuß gestattete.
78 3110 1005 3165 War das Jahr dem Graswuchs günstig, so fanden sich
77 3155 1005 3213 bald fleißige Mäher ein, und die Spaziergänger
77 3200 1005 3258 atmeten den Duft des frisch gemähten Grases.
77 3245 1005 3303 Auf den Basteien entwickelte sich zwischen elf und
77 3290 1005 3350 zwei Uhr ein Korso, ähnlich den heutigen Ring-
76 3338 1006 3399 straßenbummel zwischen Stuben- und Kärntnerring.
77 3383 1005 3444 Hier flanierte der Müßiggänger um 12 Uhr nach
77 3427 1005 3488 dem Frühstück, die Noblesse um ein Uhr vor Tisch
77 3472 1005 3533 und der Bürger und Kaufmann um zwei Uhr nach
78 3526 277 3579 dem Essen.
122 3571 1007 3630 Von historischer Bedeutung war besonders die
77 3617 1005 3677 Löwel- oder Löbelbastei (so benannt nach dem „Stadt-
78 3665 1005 3723 Guardi-Obristen“ Löbel Freiherrn von Greinburg,
78 3710 1005 3768 der im 17. Jahrhundert in dieser Gegend ein
78 3755 1005 3815 Haus besaß), wo sich 1683 die Wiener während
78 3797 1008 3860 der Belagerung durch ihren Heldenmut so aus-
79 3845 1005 3908 gezeichnet haben, daß sie Kara Mustapha den
82 3890 1005 3956 „Zauberhaufen“ nannte. Aber auch der „Juden-
79 3938 1002 3998 turm“ war einst ein wichtiges Verteidigungsobjekt,
79 3980 993 4044 von dem aus die „große Notschlange“, der „Greif“
80 4028 997 4088 genannt, und zwei andere Geschütze: „die Singerinnen“,
80 4076 699 4134 den Feinden viel Schaden zufügten.
126 4118 999 4179 Das älteste der zwölf Stadttore war das „Neu-
80 4162 1000 4227 tor“, das schon im Jahre 1851 abgebrochen wurde.
81 4206 1002 4272 Der über dem Tor gegen die Stadt quer liegende
1029 2788 1957 2841 Stein — er hatte ein Gewicht von 164 Zentner
1029 2833 1956 2886 51 Pfund — galt für den größten Stein innerhalb
1029 2878 1953 2931 der Mauern Wiens. In der Nähe des Neutors
1029 2927 1953 2979 befanden sich auch das Schanzel- und Fischertor,
1029 2972 1953 3024 alle drei nächst der Donau. Eine Erinnerung an
1029 3016 1950 3069 das Fischertor bewahrt das Haus Fischerstiege Nr. 3.
1029 3061 1953 3114 Eine verwitterte Tafel trägt die Inschrift: „Vor
1029 3109 1953 3159 diesem Hause stand bis zum Ende des 18. Jahr-
1029 3154 1953 3207 hunderts das Tor an der Fischerstiege, ein Teil der
1029 3199 1953 3252 Umwallung zur Zeit der Babenberger.“ Die
1029 3244 1953 3300 Chronisten erzählen, daß die Schiffer schon im
1028 3292 1953 3342 8. Jahrhundert „Salz am hieſigen Ufer“ ausgeladen
1029 3337 1952 3390 haben und mit ihrer Ware über die Fischerstiege in
1029 3382 1952 3434 die Stadt gegangen sind. Außer den genannten
1029 3428 1951 3482 drei Toren gab es noch: das Burg-, Kärntner,
1029 3472 1951 3528 Seilerstätter, Karolinen-, Stuben-, Rotenturm-,
1029 3517 1953 3570 Schotten, Franzens- und Josefstädter Tor, die alle eine
1029 3562 1953 3618 wichtige Rolle spielten. Ein Wiener Schriftsteller
1027 3610 1953 3659 konnte noch in den Dreißigerjahren ernsthaft ver-
1029 3656 1953 3707 künden, das Stubentor führe durch die Vorstadt
1027 3698 1953 3752 Landstraße — „nach Ungarn“. In der Nähe des
1026 3746 1953 3800 Rotenturmtors fiel als erstes Opfer der Stadt-
1026 3791 1954 3848 erweiterung das damals kleinste Haus von Wien,
1026 3836 1956 3890 das sogenannte „Brunnenhäuschen“ am Fuße der
1026 3880 1953 3935 Ruprechtsstiege; der Volkswitz nannte das liliputanisch
1026 3925 1957 3983 Gebäude den „Zwergelhof“. Dieser älteste Teil
1026 3973 1960 4029 Alt-Wiens ist nun verschwunden, und wo Alt-Wien
1026 4018 1959 4074 nur vereinsamte Stätten und menschenleere Plätze auf-
1026 4066 1957 4122 zuweisen hatte, sehen wir heute schöne Gartenanlagen
1026 4111 1413 4158 und prächtige Paläfte.
2217 2942 2667 3017 Kleine Cöranis.
2271 3025 2607 3075 Wien. 28. Dezember.
2016 3094 2896 3150 (Spende.) Dem Kriegshilfsbureau des Mini-
1977 3137 2900 3194 steriums des Innern wurde von einer ungenannt sein
1976 3181 2901 3239 wollenden Wiener Dame ein Betrag von 210.000
1975 3229 2902 3288 Kronen überwiesen; von dieser Summe wurden der
1975 3274 2900 3329 Kriegsküchenaktion 100.000 Kronen, der Jugend-
1974 3319 2898 3375 fürsorge des Kriegshilfsbureaus 60.000 Kronen und
1974 3364 2895 3420 der niederöstenschischen Landeskommission für heim-
1973 3412 2754 3465 kehrende Krieger 50.000 Kronen zugewendet.
2019 3474 2901 3531 (Personalnachricht.) Der Professor für
1974 3519 2900 3576 Gynäkologie Dr. Bernhard S. Schultze in Jena
1974 3565 2898 3621 begeht morgen sein 90. Geburtsfest. Der Gelehrte gilt
1971 3610 2767 3669 als der Begründer der modernen Gynäkologie.
2016 3673 2900 3732 (Todesfälle.) In Graz ist gestern der Feld-
1975 3718 2899 3780 marschalleutnant i. R. Ludwig Sokol Ritter von
1976 3766 2899 3825 Jaladol, Ritter des Leopold-Ordens und des
1977 3811 2898 3870 Ordens der Eisernen Krone dritter Klasse, im
1977 3856 2898 3915 88. Lebensjahre verschieden. — Der Justizreferent und
1978 3901 2895 3960 Leiter der Abteilung für Strafgerichtsbarkeit des Mi-
1980 3945 2895 4005 litärgeneralgouvernements in Serbien Major-
1980 3990 2896 4056 auditor Dr. Heinrich Terfy, Ritter des Franz
1980 4039 2895 4098 Joseph-Ordens ist, 43 Jahre alt, gestorben. — Der
1980 4084 2895 4143 Direktor des Anatomischen Instituts an der Univer-
1980 4132 2896 4191 sität in Leipzig, Geheimrat Professor Karl Rabl,
1979 4177 2898 4233 ein gebürtiger Oberösterreicher, ist im 65. Lebens-
1980 4221 2250 4272 jahre gestorben.
1632 4157 1914 4215 Rudolf Kars.
