2968 4395
114 98 612 146 Wiener Abendpost Nr. 296.
2242 87 2844 141 Freitag, den 27. Dezember 1918.
1968 171 2892 219 mitteilen, es sei ihm augenblicklich noch nicht möglich,
1970 218 2893 267 zu entscheiden, ob dieser Besuch ausgeführt werden
1968 263 2894 308 könne. Jedenfalls sehe er die Einladung als sehr
1968 307 2894 353 erfreulichen Freundschaftsbeweis der Republik an, mit
1968 353 2895 399 der die Vereinigten Staaten stets so freundschaftliche
1968 398 2739 444 und herzliche Beziehungen unterhalten haben.
60 176 992 231 Wiens zu gedenken, damit sofort nach den Feier-
66 224 990 276 gen, sobald das Zürcher Hilfskomitee mit seiner
66 269 987 320 Sammeltätigkeit beginnt, den Hungernden in Wien,
69 314 987 365 der denkbar kürzesten Zeit geholfen werden könne.
63 362 990 411 Es soll große und ganze Arbeit geleistet werden, um
63 407 990 459 dem ersten Zuge der schweizerischen Hilfe volle Fracht
63 452 990 504 mit auf den Weg zu geben. Überall in der Schweiz
64 500 990 552 sei für das darbende Wien Mitleid laut geworden,
66 541 990 597 und Zürich solle die erste Stadt sein, die dorthin
65 592 292 645 Hilfe bringt.
107 643 990 696 Bern, 26. Dezember. (Meldung der Schweizerischen
66 689 406 741 Depeschen-Agentur.)
107 731 990 786 Unter Mithilfe des eidgenössischen Ernährungs-
66 779 990 831 amtes in Bern und mit Einverständnis der zu-
66 827 990 879 ständigen Organe der Alliierten sind die Vorbereitungen
68 872 990 923 für die Hilfeleistung für die Stadt Wien
67 917 987 969 im Fauge. Dienstag ist ein schweizerisches Komitee
69 965 988 1013 für die Hilfeleistung für Wien und zur Unterstützung
68 1011 987 1059 der Schülerausspeisung in der Schweiz gebildet worden,
68 1056 990 1106 in dem alle Kantone und Volksschichten vertreten
69 1103 987 1152 sind. Das Komitee wird in den nächsten Tagen
69 1148 984 1197 einen Aufruf an das schweizerische Volk richten,
69 1193 987 1241 worin nähere Direktiven für die Durchführung der
70 1238 987 1289 Hilfeleistungen enthalten sein werden. Es handelt sich
70 1283 987 1334 dabei in erster Linie um die Ersparung von Karten-
71 1331 987 1379 abschnitten bei den rationierten Lebensmitteln, Brot,
71 1377 990 1427 Mehl, Käse und Fett, sowie bei den kantonalen
71 1424 987 1472 Monopolwaren, Reis, Teigwaren, Haferprodukten,
72 1469 987 1520 Zucker. Es ist auch die Sammlung von Geld und
72 1515 990 1562 nichtrationierten Waren in Aussicht genommen.
72 1559 990 1610 Die Sammlung soll im Laufe des Jänner be-
71 1604 990 1658 ginnen. Damit die Hilfeleistung keine Ver-
71 1649 987 1703 zögerung erleide, gewährt das eidgenössische Er-
71 1697 991 1748 nährungsamt auf die Sammlung hin einen Vorschuß
71 1742 990 1794 von zirka hundert Waggons verschiedener Lebens-
72 1787 991 1838 mittel, die bereits nach Wien unterwegs sind. Die
71 1836 990 1886 Instruktionen des eidgenössischen Lebensmittelamtes
70 1881 991 1931 an die kantonalen Lebensmittelämter werden zu Ende
71 1926 987 1976 des Jahres im Besitze der kantonalen Behörden sein.
72 1974 990 2018 Die kantonalen Hilfskomitees werden die nötigen
70 2016 990 2067 Verlautbarungen über die Organisation der Samm-
70 2064 990 2111 lung und die Bezeichnung der Gemeindesammelstellen
70 2108 723 2160 in den nächsten Tagen veröffentlichen.
109 2164 498 2214 Bern, 24. Dezember.
114 2210 990 2259 Der amerikanische Pressedienst stellt fest, daß die
69 2255 991 2304 Berichte über die Anwesenheit des amerikani-
69 2303 991 2351 schen Nahrungsmittelkommissärs Hoover nicht
69 2348 226 2397 zutreffen.
111 2398 990 2451 Bern, 26. Dezember. (Meldung der Schweizeri-
69 2447 504 2496 schen Depeschen-Agentur.)
111 2492 990 2541 Der Bundesrat hat beschlossen, den militäris
68 2537 990 2589 schen Instruktionsdienst im Jahre 1919 erst
69 2582 990 2631 dann beginnen zu lassen, wenn die jetzt herrschende
68 2627 990 2679 Grippe für die Truppen keine Gefahr mehr bildet.
67 2675 990 2727 In die Rekrutenschulen sind für 1919 nur Rekruten
67 2721 990 2768 einzuberufen, die im Jahre 1918 wegen Grippe gar
67 2766 990 2813 nicht oder nur unvollkommen ausgebildet werden
67 2810 988 2862 konnten. Rekruten, die 1919 einrückungspflichtig
67 2858 987 2907 wären, werden mit Ausnahme des Jahrganges 1898
67 2903 987 2952 und früherer erst 1920 zur Rekrutenschule ein-
66 2948 990 2997 berufen. Die Kaderkurse werden dementsprechend ein-
66 2996 990 3048 geschränkt und nur im allernotwendigsten Rahmen
66 3041 393 3090 abgehalten werden.
420 3141 636 3196 Frankreich.
107 3206 978 3254 Paris, 25. Dezember. (Meldung der Agence Havas.
111 3249 990 3296 Im Kammerausschusse für auswärtige Ange-
65 3296 990 3344 legenheiten legte Minister des Äußern Pichon die
66 3338 990 3386 Maßnahmen dar, die getroffen wurden, um die ört-
66 3387 988 3434 lichen Regierungen in Rußland in ihrem Bestreben,
63 3432 993 3479 dem Bolschewismus den Boden zu entziehen, zu
63 3476 990 3524 unterstützen. Die Verbündeten hätten die Absicht,
63 3521 990 3570 diese Politik fortzusetzen, jedoch ohne ihr eine neue
63 3566 990 3615 Ausdehnung in der Form einer militärischen Inter-
63 3611 990 3663 vention zu geben, da die einzige Absicht der Ver-
63 3659 990 3708 bündeten darin bestehe, den Bolichewismus in Ruß-
63 3705 373 3752 land auszurotten.
110 3760 991 3810 Paris, 26. Dezember. (Meldung der Agence Havas.)
110 3803 991 3855 In der Kammer gab bei der Verhandlung über
60 3851 990 3900 das Pensionsgesetz Unterstaatssekretär Abrami nach-
63 3896 994 3945 stehende Übersicht über die französischen Verluste bis
63 3941 991 3993 zum 1. November 1918 bekannt: Gesamtzahl der
63 3986 988 4038 Toten, Gefangenen und Vermißten: 42.600 Offiziere,
63 4033 988 4083 1,789.000 Mann. Hievon sind tot 31.300 Offiziere,
63 4078 984 4125 1,040.000 Mann, vermißt 3000 Offiziere, 311.000
62 4123 984 4173 Mann, am Leben befindliche Gefangene 8300 Offi-
63 4166 462 4219 ziere, 438.000 Mann.
1176 193 1767 250 Präsident Wilfon in Europa.
1059 256 1947 305 Chaumont, 25. Dezember. (Meldung der Agence
1017 302 1159 351 Havas.)
1056 347 1946 395 Präsident Wilson ist heute früh hier eingetroffen.
1015 392 1946 440 Bevor er zu den amerikanischen Truppen fuhr, begab
1014 437 1946 485 er sich in das Rathaus. Auf dem ganzen Wege wurde
1014 482 1945 530 er von patriotischen Vereinen mit Fahnen und
1014 530 1944 575 Bannern sowie einer zahlreichen Menschenmenge
1014 575 1944 623 herzlich akklamiert. Geleitet vom Zonenkommandanten
1014 617 1944 668 General Wirbel, dem Präfekten des Departements
1012 665 1941 716 Haute Marne und dem Bürgermeister, wurde der
1014 713 1941 761 Präsident mit Gemahlin, den Generalen Pershing
1014 758 1943 807 und Hartz, dem Botschafter Jusserand und Gemahlin
1014 803 1943 851 sowie dem Admiral Grayson im Rathaus von der
1011 848 1941 896 Munizipalität empfangen. General Wirbel, der
1013 893 1942 944 Präfekt des Departement Haute Marne und der
1014 940 1794 989 Bürgermeister hielten Begrüßungsansprachen.
1053 991 1941 1041 Präsident Wilson dankte den Rednern mit be-
1011 1037 1941 1088 wegten Worten. Als er das Rathaus verließ, be-
1011 1085 1941 1136 reitete ihm die zahlreiche Menschenmenge begeisterte
1009 1133 1206 1182 Ovationen.
1052 1184 1940 1235 Der Präsident begab sich hierauf mit seiner Be-
1011 1233 1939 1280 gleitung auf das Plateau von Langres, wo eine
1011 1277 1939 1325 Truppenrevue stattfand. Er nahm auf einer Tribüne
1013 1322 1938 1373 Platz, umgeben von zahlreichen Generalen, darunter
1014 1370 1665 1418 Pershing, Loggett und Mac Andrew.
1053 1423 1938 1469 Nach einigen eindrucksvollen Worten Pershings
1014 1469 1938 1517 schilderte Präsident Wilson den Stolz und das
1014 1514 1937 1562 herzliche Vertrauen, womit das amerikanische Volk
1013 1562 1937 1610 jede Bewegung der amerikanischen Soldaten verfolgt
1014 1607 1936 1655 habe, beglückwünschte die Soldaten zu der Art, wie
1014 1655 1936 1701 sie ihre Pflicht und mehr als ihre Pflicht getan
1011 1699 1536 1749 haben, und fuhr sodann fort:
1053 1760 1935 1809 Ich weiß, was meine Mitbürger von mir er-
1014 1808 1935 1856 warten. Ich bin glücklich, Euch sagen zu können,
1014 1853 1935 1901 daß ich im Geiste der großen Führer, mit denen ich
1014 1898 1934 1946 heute zu beratschlagen das Vorrecht genieße, keinerlei
1014 1943 1934 1991 Meinungsverschiedenheit finde. Die Aufgabe, die
1014 1992 1933 2039 Friedensurkunde aufzustellen, ist Amerika zugefallen.
1014 2033 1933 2084 Diese Aufgabe ist um so leichter, als die interessier-
1014 2081 1933 2129 ten Nationen diese Urkunde angenommen haben und
1014 2126 1932 2175 die Anwendung der Grundsätze, die sie aufzählt,
1014 2174 1932 2223 schon aus ihrer Darlegung fließt. Die ganze Welt
1014 2219 1933 2267 weiß schon jetzt, daß die Nationen, die an dem
1014 2264 1933 2312 Kriege teilgenommen haben, bereit sind, ihr Werk zu
1014 2309 1934 2357 vervollständigen nicht bloß durch Forderungen ihrer
1014 2357 1934 2402 eigenen Interessen, sondern auch durch die Herstel-
1015 2402 1935 2450 lung eines Friedens, der auf den dauernden Grund-
1015 2447 1935 2496 lagen des Rechtes und der Gerechtigkeit beruht. Da
1015 2492 1936 2540 der Krieg ein Völkerkrieg ist, muß der Friede ein
1015 2540 1936 2589 Völkerfriede sein. Nichts darf vernachlässigt werden,
1015 2585 1935 2634 um die Fragen zu regeln, die der Krieg aufgeworfen
1016 2631 1260 2679 hat. (Beifall.)
1049 2692 1938 2742 Hierauf defilierten die Truppen, die sich aus den
1016 2738 1935 2786 Beständen zusammensetzten, die siegreich in den
1016 2784 1482 2831 Argonnen gekämpft hatten.
1053 2832 1938 2876 Unter neuerlichen Ovationen verließ der Präsident
1017 2876 1938 2924 mit seiner Begleitung die Tribüne und begab sich in
1017 2921 1938 2969 das Hauptquartier der 26. Diviſion im Schulgebäude
1017 2966 1938 3015 in Montigny-le-Roi, wo er mit den Soldaten am
1017 3011 1938 3060 Weihnachtsfestessen teilnahm. Hierauf kehrte der Prä-
1017 3059 1941 3108 sident nach Chaumont zurück. Auf dem Wege dahin
1018 3104 1941 3152 machte er in einigen Lagern halt und plauderte
1018 3148 1520 3201 freundlich mit den Soldaten.
1056 3202 1942 3252 Paris, 25. Dezember. (Meldung der Agence
1017 3251 1149 3300 Havas.)
1056 3293 1941 3341 Präsident Wilson hat an das Weiße Haus in
1016 3341 1940 3386 Waſhington eine Botschaft gerichtet, worin er zunächst
1016 3387 1940 3431 den Amerikanern von dem guten Gesundheitszustand
1016 3431 1938 3479 ihrer auf europäischem Boden weilenden Mitbürger
1015 3476 1938 3524 Mitteilung macht und die hohe Achtung sowie das
1015 3521 1938 3569 Vertrauen hervorhebt, deren sie sich überall erfreuen
1014 3569 1395 3615 und sodann fortfährt:
1053 3632 1936 3677 Ich bin dessen gewiß, daß Euch auch die Ver-
1014 3677 1936 3725 sicherung stärken wird, daß die öffentliche Meinung
1013 3723 1935 3770 aller großen Nationen, mit denen wir im Kriege ver-
1013 3768 1935 3815 bunden waren, entschieden an allen Vorschlägen fest-
1012 3816 1936 3860 hält, die einen gerechten, dauernden Frieden und ein
1012 3860 1936 3905 inniges Zusammenarbeiten der sich selbst regierenden
1011 3905 1936 3950 Völker der Welt zum Ziele haben und den Frieden
1011 3950 1936 3999 auf eine feste Grundlage stellen werden, sobald die
1011 3998 1937 4043 im Zuge befindlichen Vereinbarungen festgelegt sein
1010 4040 1937 4088 werden. Nichts kann unsere Zuversicht in diesen Weih-
1010 4088 1937 4134 nachtstag mehr stärken als die Stimmung, die er findet
1011 4133 1488 4182 und die überall vorherrscht.
1053 4189 1446 4236 Bern, 26. Dezember.
1053 4231 1938 4281 In Erwiderung der Einladung des Bundesrates
1008 4276 1938 4326 zum Besuche der Schweiz ließ Präsident Wilson
2007 473 2412 519 Hang, 24. Dezember.
2007 515 2895 564 Wie das Korrespondenz-Bureau jetzt meldet, hat
1968 563 2895 609 Präsident Wilson auf eine Einladung der
1967 608 2894 656 Königin, Holland zu besuchen, am 3. d. M. ge-
1966 655 2893 702 antwortet, daß er darüber noch nichts Bestimmtes
1968 700 2893 750 sagen könne, daß er und Frau Wilson aber später
1965 746 2892 794 mitteilen würden, ob ihnen der Besuch möglich sein
1965 796 2082 839 werde.
2337 902 2520 954 Portugal.
2003 974 2886 1023 Lissabon, 25. Dezember. (Meldung der Agence
1960 1019 2106 1071 Havas.)
2004 1063 2892 1112 Das neue Kabinett wird demnächst dem Parlament
1964 1109 2889 1158 sein politisches Programm unterbreiten. Im Lande
1965 1154 2886 1203 herrscht Ruhe. Die fremden Kriegsschiffe, die anläß-
1965 1202 2886 1248 lich des Leichenbegängnisses des Präsidenten Sidonio
1965 1247 2886 1293 Paes in den Tejo eingefahren waren, haben Lissabon
1962 1292 2255 1341 wieder verlassen.
2007 1351 2886 1404 Der Ministerrat hat beschlossen, der Sache der
1962 1400 2888 1448 Alliierten treu zu bleiben und ihnen weiterhin jeden
1962 1445 2889 1494 Beistand zu leisten, den sie von Portugal fordern
1962 1493 2108 1541 würden.
2343 1602 2508 1658 Belgien.
2001 1675 2445 1722 Brüssel, 23. Dezember.
2001 1720 2886 1773 Der belgische Ministerpräsident reist Donnerstag in
1958 1766 2883 1814 Begleitung des Kolonienministers nach London, um
1959 1814 2880 1860 mit Lloyd-George und dem englischen Schatz-
1959 1858 2415 1905 kanzler zusammenzutreffen.
1998 1930 2446 1980 Brüssel, 25. Dezember.
2001 1979 2884 2027 Der unter dem Vorsitze des Königs abgehaltene
1955 2024 2883 2073 Ministerrat hat die Wahlreformvorlage, durch die das
1956 2069 2883 2117 allgemeine Wahlrecht eingeführt wird, an-
1958 2118 2154 2166 genommen.
1998 2189 2511 2235 Amsterdam, 24. Dezember.
1998 2234 2883 2279 Nach einem Telegramme des Reuterschen Bureaus
1959 2279 2883 2330 berichtet „Daily Chronicle“, daß die Meldung,
1960 2323 2883 2373 wonach die britische Regierung Holland ihre Absicht
1960 2369 2880 2418 mitgeteilt habe, die Kölner Front auf dem Wege
1962 2413 2880 2463 Schelde — Antwerpen — Holländisch-Limburg zu ver-
1961 2461 2881 2511 sorgen, wahrscheinlich richtig sei. Belgien habe Grund,
1961 2507 2883 2556 einige Revisionen des holländisch-belgischen Vertrages
1961 2552 2883 2601 vom Jahre 1839 zu beanspruchen, und es müßte
1961 2597 2883 2649 ihm, wenn nichts anderes erreicht würde, wenigstens
1962 2645 2883 2694 das unbeschränkte Recht zugesprochen werden, in Krieg
1962 2690 2757 2739 und Frieden die Schelde zu befahren.
2004 2761 2439 2811 London, 24. Dezember.
2001 2807 2883 2859 Mit Bezug auf den Bericht aus Brüssel, daß die
1962 2855 2883 2903 britische Regierung Holland mitgeteilt habe, daß sie
1962 2900 2883 2949 die Absicht hege, die britische Besatzungsarmee am
1963 2944 2883 2994 Rhein über die Schelde und Holländisch-Limburg
1963 2989 2880 3045 zu versorgen, erfährt das Reutersche Bureau,
1963 3034 2883 3087 daß vor einiger Zeit infolge des Vorgehens
1963 3082 2883 3135 Hollands, das die Durchfuhr von deutschen
1963 3128 2883 3176 Truppen und Kriegsmaterial durch holländi-
1965 3173 2883 3222 sches Gebiet gestattete, die belgische Regierung
1965 3218 2877 3266 um ähnliche Erleichterungen ersucht habe und dieses
1964 3263 2880 3311 Ansuchen von den Alliierten unterstützt worden sein
1965 3311 2880 3359 Da diese Frage heikle Punkte des Völkerrechtes be-
1965 3356 2880 3404 rühre, erscheine eine sofortige Entscheidung unwahr-
1964 3401 2880 3452 scheinlich. Man halte es aber für sehr gut möglich,
1964 3446 2883 3494 daß Holland angesichts der bei den alliierten
1965 3494 2883 3543 Mächten herrschenden Ansicht, daß ihnen eine ähnliche
1965 3539 2883 3588 Behandlung wie Deutschland eingeräumt werden
1965 3583 2812 3636 solle, nur formelle Einwendungen erheben werde.
2265 3713 2574 3766 Großbritannien.
2001 3784 2418 3833 Berlin, 24. Dezember.
2001 3829 2880 3879 Wie eine Berliner Korrespondenz meldet, wurde
1962 3875 2880 3924 folgender Befehl seitens der englischen
1962 3919 2835 3968 Admiralität an die deutsche Flotte erlassen:
2003 3984 2880 4034 1. Schiffe mit roter Flagge werden ohne Warnung
1960 4033 2106 4080 versenkt.
1998 4084 2880 4134 2. Schiffe ohne Offiziere werden nach Kriegsrecht
1959 4133 2130 4179 behandelt.
2001 4183 2880 4232 3. Wenn ein Mann bei bolschewikischer Propaganda
1958 4229 2880 4281 ertappt wird, so wird die gesamte Besatzung des
1958 4276 2712 4326 betreffenden Schiffes standrechtlich erschossen.
