2968 4395
115 96 717 148 Freitag, den 27. Dezember 1818.
2349 104 2835 151 Wiener Abendpost Nr. 296
75 178 1002 226 geordnetenhauses sieht man zahlreiche Matrosen mit
75 223 1000 271 Gewehren und auch ein Maschinengewehr auf einem
75 268 357 316 kleinen Wagen.
114 321 531 373 Berlin, 24. Dezember.
108 368 993 418 Der Kommandant der Garde Generalleutnant von
75 416 990 463 Hofmann erklärte im Universitätsgebäude einem
75 461 993 508 Vertreter der „Vossischen Zeitung“: Wir stehen
73 506 991 556 hier lediglich im Auftrag der Regierung und werden
73 551 992 601 nur auf Befehl der Regierung handeln. Den Anlaß zu
73 596 990 646 den jetzigen Ereignissen hat allein die widerrechtliche
72 641 990 691 Handlung der Matrosen im Schlosse, insbesondere die
72 686 990 736 Gefangensetzung des Kommandanten Welt und seiner
72 734 990 781 Adjutanten sowie das Vorgehen gegen die Vertreter der
71 779 990 829 Regierung in der Reichskanzlei gegeben. Ich habe heute
71 824 987 873 morgen, nachdem das Schloß und der Marstall um-
71 869 987 919 stellt waren, die Matrosen im Schlosse mit einer Bedenk-
71 917 987 964 zeit von zehn Minuten aufgefordert, den Kommandan-
70 962 987 1009 ten Welt und seine Gehilfen sofort freizulassen, die
72 1007 991 1057 Wassen sofort niederzulegen und das Schloß und den
70 1052 990 1102 Marstall sofort zu räumen. Nachdem die Bedenkzeit
69 1097 990 1144 von zehn Minuten verstrichen und keine Antwort ge-
69 1142 987 1192 kommen war, wurde Befehl zum Feuern gegeben. Meine
71 1187 984 1237 Leute waren bereits ins Schloß eingedrungen, als
69 1235 981 1282 vom Marstall ein Parlamentär kam und bat, verhan-
69 1280 981 1330 deln zu dürfen. Ich willigte ein und gab unter Auf-
72 1325 986 1375 rechterhaltung der Bedingung 20 Minuten Frist. In
69 1373 984 1419 dieser Zeit wurden der Kommandant und seine Ad-
69 1418 987 1465 jutanten freigelassen. Unterdes wurde die durch Spor
69 1463 990 1512 takus-Führer aufgehetzte Volksmenge, durchweg Frauen
69 1508 987 1557 und Kinder, gegen meine Truppen in Bewegung ge-
69 1553 989 1602 setzt. Dadurch wurden meine Truppen, die auf keinen
69 1601 987 1648 Fall auf Frauen und Kinder feuern sollten, außer
69 1646 987 1693 Gefecht gesetzt, und ein Teil von ihnen wurde abge-
66 1690 987 1741 trennt. Sie sind voraussichtlich ohne Waffen in ihre
69 1738 985 1789 Kasernen zurückgekehrt. Es kam zu einer Feuerpause.
69 1784 984 1833 Ich zog meine Truppen in die Universität zurück. Durch
69 1828 984 1879 Verhandlungen mit der Regierung ergab sich, daß eine
69 1876 984 1927 Kommission in Bildung begriffen ist, zu der Cohen-
69 1921 987 1972 Reuß, Tost vom Ausſchuß der Marine und
70 1966 492 2017 Richard Müller gehören.
114 2020 532 2071 Berlin, 25. Dezember.
111 2063 994 2118 Generalleutnant Sequis empfing einen Mitarbeiter
72 2114 990 2161 der „Vossischen Zeitung“, dem er über die mit
72 2159 990 2209 litärische Lage u. a. folgendes sagte: Vor acht Tagen
72 2204 988 2254 bin ich mit meinen braven Truppen hier eingetroffen,
72 2249 985 2302 um mich hinter die Regierung zu stellen. Ich bin sicher,
72 2294 984 2344 daß im Falle, als Deutschland sich in verschiedene selbs
72 2342 987 2389 ständige Republiken auflöst, dann gerade Berlin eine
72 2387 988 2436 große Abwanderung erleben wird. Daran könnte uns
72 2432 988 2485 allen nicht liegen. Außerdem war ich davon überzeugt,
72 2477 990 2526 daß die Nationalversammlung nur dann in Berlin
72 2525 988 2575 ſagen könnte, wenn die Sicherheit der Teilnehmer in
72 2570 987 2620 Berlin garantiert wäre. Alle Soldaten hatten, wie ich
72 2615 987 2665 selbst, nur den einen Gedanken, der Regierung zu
72 2661 988 2713 helfen. Als ich hieher kam, fand ich eine Lage vor, die
72 2708 987 2755 schnellstes Handeln erforderte. Bestimmte Vorbereitungen
72 2753 988 2803 für die Aufrichtung einer starken Regierungsmacht waren
72 2798 984 2848 zwar angeordnet, aber noch nicht durchgeführt worden.
72 2846 988 2896 Darunter verstehe ich in allererster Linie die Abgabe
72 2891 981 2941 der Waffen seitens derjenigen, die nicht berechtigt sind,
72 2937 987 2986 Waffen zu führen, aber leider zogen sich die Ereignisse
72 2982 984 3034 hin. Hätte die Regierung vor acht Tagen eingegriffen,
72 3029 987 3079 so wäre durch Aufrichtung einer straff organisierten
72 3074 986 3124 Macht hinter der Regierung ohne jedes Blutvergießen
72 3122 986 3172 Ruhe und Ordnung, die die gesamte Einwohnerschaft
72 3167 986 3217 von Berlin ersehnte, aufrechterhalten worden. Durch das
72 3215 985 3265 Auftreten der Matrosen kam die Regierung in die
72 3260 984 3310 schwerste Lage. Ich erhielt von ihr den Befehl, vorzu-
72 3305 985 3355 gehen. Das Ziel meiner Leute war, Ebert zu befreien
72 3350 985 3400 und die Matrosen zur Übergabe zu zwingen. Letzteres
72 3398 984 3448 ist nicht gelungen. Nachdem sich anfänglich alles gut
72 3444 981 3489 angelassen hatte, wurde durch die Bitte eines Parla-
72 3488 984 3535 mentärs aus dem Marstail um 20 Minuten Wassen-
72 3533 984 3582 ruthe ein Eingreifen der Unbewaffneten, unter denen sich
72 3578 987 3628 viele Frauen und Kinder befanden, gegen meine Sol-
72 3623 987 3673 daten ermöglicht. Meine Soldaten schießen nicht auf
72 3671 990 3721 Frauen und Kinder. So kam der Fehlschlag. Ein Teil
72 3716 984 3766 meiner Truppen wurde abgedrängt und legte die Waf-
72 3760 852 3808 sen nieder. Er kehrte in die Universität zurück.
114 3813 543 3862 Berlin, 25. Dezember.
120 3859 993 3910 Soldaten, Matrosen und republikanische Volkswehr
75 3904 996 3955 ernannten gestern an Stelle des Stadtkommandanten
72 3952 996 4000 Wels dessen Adjutanten Leutnant Fischer zum
72 3997 993 4048 Kommandanten von Berlin. Fischer nahm an,
72 4042 996 4093 erklärte jedoch, die definitive Regelung durch die
72 4087 858 4138 Regierung bis zum 27. d. M. zu verlangen.
117 4140 546 4193 Berlin, 26. Dezember.
120 4188 996 4237 Das Wolffsche Bureau meldet: Gestern nach-
75 4234 996 4285 mittag fanden in der Siegesallee mehrere von den
72 4280 996 4327 revolutionären Obmännern und Vertrauensmännern
1023 178 1938 232 der Großbetriebe Berlins veranstaltete Versammlungen
1026 227 1938 277 statt, worauf die Bemonstranten im Zuge durch die
1026 272 1935 322 Stadt marschierten. Ein größerer Trupp zog nach
1026 316 1935 367 der Lindenstraße und besetzte das Gebäude des
1029 364 1938 415 „Vorwärts“. Der Polizeipzäsident versuchte per-
1026 410 1938 460 sönlich zu vermitteln, was auch insofern gelang, als
1023 455 1938 505 die Druckerei geräumt und unter Bewachung von
1023 500 1938 550 Sicherheitsmannschaften des Polizeipräsidiums gestellt
1023 548 1938 595 wurde. Das Gebände des „Vorwärts“ war, als die
1023 592 1938 643 Massen eindrangen, von einem Jägerkommando be-
1022 637 1941 688 setzt. Es waren Maschinengewehre aufgestellt, und ein
1023 686 1941 733 Panzerauto stand bereit. Dieses Auto wurde von den
1022 731 1941 780 eingedrungenen Matrosen weggeführt, die Wache ent-
1022 776 1941 826 waffnet und neue Posten von den miteingedrungenen
1023 821 1938 871 Soldaten, unter denen sich auch ziemlich viele Mit-
1022 868 1938 919 glieder der republikanischen Soldatenwehr befanden,
1022 913 1941 964 aufgestellt. Es wird versichert, daß die Besetzung des
1025 959 1941 1009 „Vorwärts“ Gebäudes weder von politischen Parteien
1022 1004 1941 1057 oder Gruppen noch von den revolutionären Ob-
1022 1052 1941 1102 männern veranlaßt worden sei; sie soll vielmehr aus
1022 1093 1944 1150 der Empörung der Massen gegen die Haltung des
1025 1141 1644 1192 „Vorwärts“ spontan erwachsen sein.
1059 1195 1479 1246 Berlin, 27. Dezember.
1058 1238 1941 1294 Die „Freiheit“, das Organ der unabhängigen
1023 1285 1941 1339 Sozialdemokratie, schreibt: Der Zwischenfall mit dem
1025 1333 1941 1384 „Vorwärts“ hat zu den wildesten Gerüchten über
1021 1378 1941 1429 einen Sturz der Regierung und die Übernahme der
1021 1424 1941 1477 Macht durch Ledebour und Liebknecht geführt. An
1021 1468 1941 1522 diesen Gerüchten ist kein wahres Wort, sie beleuchten
1021 1516 1941 1567 nur den kritischen Zustand, in dem sich die
1021 1561 1941 1615 Regierung befindet. Die nächsten Tage müssen
1021 1607 1941 1660 nach der einen oder nach der anderen Seite eine Ent-
1021 1653 1332 1705 scheidung bringen.
1062 1707 1488 1760 Berlin, 27. Dezember.
1059 1753 1939 1810 Verschiedene Blätter, u. a. die „Kreuz-Zeitung“,
1021 1798 1941 1852 erhalten von angeblich vertrauenswürdiger Seite die
1021 1844 1938 1900 Mitteilung, daß gestern abend die Regierung
1021 1889 1941 1945 Ebert Haase gestürzt worden sei. Liebknecht
1021 1936 1554 1987 habe die Gewalt übernommen.
1059 1984 1941 2035 Der „Lokalanzeiger“ schreibt: So wie der
1021 2029 1941 2080 Heilige Abend stand auch der erste Weihnachtstag in
1021 2072 1941 2125 Berlin im Zeichen revolutionärer Vorgänge, die das
1021 2120 1941 2173 allgemeine Gefühl der Unsicherheit ins Unerträgliche
1020 2167 1941 2218 steigerten. Es herrscht die Auffassung vor, daß man
1020 2212 1941 2263 am Vorabend ernster Ereignisse steht. Man
1020 2257 1941 2311 glaubt, den Kernpunkt der Frage in dem Kampfe
1020 2305 1941 2356 der Unabhängigen und der Spartakus-Leute um die
1020 2351 1941 2401 Regierungsgewalt und die Hinderung des Zusammen-
1020 2395 1942 2449 trittes der Nationalversammlung zu sehen. Man
1020 2440 1941 2491 rechnet mit der Möglichkeit, daß die Radikalen sich
1020 2488 1941 2539 einfach zu einer neuen Regierung konstituieren werden,
1020 2533 1942 2587 in der dann der Schwerpunkt bei der Richtung
1020 2578 1602 2626 Ledebour-Liebknecht liegen dürfte.
1062 2623 1941 2674 Die „Vossische Zeitung“ schreibt: Die Ver-
1020 2668 1941 2722 ständigung, die Dienstag Abends zwischen der Re-
1020 2713 1938 2767 gierung und den Matrosen zustande gekommen ist,
1020 2761 1941 2812 war in Wirklichkeit ein Sieg der letzteren. Die
1020 2806 1942 2857 Stellung der Regierung schien nach den Vorgängen
1020 2852 1584 2902 vom Dienstag schwer erschüttert.
1059 2895 1942 2950 Es verlautete gestern abend, daß der Zentralrat
1019 2940 1941 2995 der Arbeiter- und Soldatenräte für heute einberufen
1019 2989 1942 3043 werden soll, um die Bildung einer neuen Regierung
1020 3034 1942 3088 zu übernehmen. Sollte die Kabinettsbildung nicht
1020 3082 1942 3133 sogleich erfolgen, so würde die vorläufige Regierungs-
1020 3124 1942 3178 gewalt bis auf weiteres vom Zentralral übernommen
1019 3172 1158 3220 werden.
1057 3222 1479 3274 Berlin, 27. Dezember.
1062 3268 1942 3325 Der „Vorwärts“ bringt die Nachricht, daß der
1020 3316 1942 3373 Internationale Sozialistenkongreß,
1019 3361 1941 3415 der am 6. Jänner in Lausanne tagen sollte,
1020 3406 1942 3460 verschoben worden sei. Es sei beschlossen
1020 3454 1942 3505 worden, ihn erst nach den Wahlen zur deutschen
1020 3499 1942 3550 Nationalversammlung stattfinden zu lassen. Diese Nach-
1020 3544 1942 3595 richt stamme von Van Kol und zeige, wie viel für
1020 3589 1942 3640 den kommenden Frieden von einem ungestörten Ver-
1020 3634 1942 3688 lauf der deutschen Wahlen am 19. Jänner
1020 3680 1942 3733 abhänge. Der geregelte Verlauf der Wahlen werde
1020 3728 1942 3778 zeigen, daß das deutsche Volk seine eigenen Angelegen-
1018 3772 1941 3823 heiten trotz der ungeheuren Schwierigkeiten in Freiheit
1020 3817 1350 3865 zu ordnen verstehe.
1059 3871 1428 3919 Kiel, 25. Dezember.
1059 3914 1941 3969 Gouverneur Noske machte im Laufe des gestrigen
1018 3962 1941 4014 Vormittags den verschiedenen Marineformationen Mit-
1018 4007 1938 4059 teilung von den Berliner Vorgängen Matrosendivision,
1017 4055 1941 4105 Torpedodiviſion, U-Boot-Division und Seebataillon
1017 4100 1941 4150 gaben ihrer lebhaften Entrüstung über das schimpfliche
1017 4144 1938 4195 Treiben Ausdruck. Einmütig wurde von allen Forma-
1017 4189 1938 4243 tionen beschlossen, daß Gouverneur Noske der Regierung
1017 4236 1941 4288 mitteilen solle, daß die Kieler Soldaten und
1017 4281 1761 4332 Matrosen geschlossen hinter ihr stehen.
2340 438 2508 494 Schweiz.
2001 498 2814 550 Bern, 25. Dezember. (Verspätet eingetroffen.
1998 547 2889 595 Zur Beratung der Frage der Lebensmittel-
1962 589 2889 643 versorgung Deutsch-Österreichs und
1962 636 2888 688 insbesondere Wiens fand gestern die erste Kon-
1962 682 2888 733 ferenz statt, woran die tagszuvor eingetroffene
1962 727 2886 781 amerikanische Delegation unter Führung Dr. Taylors,
1965 775 2887 829 ferner Vertreter Englands, Frankreichs und Italiens,
1964 820 2887 874 seitens Deutsch-Österreichs u. a. Legationsrat Freiherr
1965 865 2886 919 von Hennet, Direktor Dr. Ritter von Adler vom
1962 913 2886 964 Wiener Bankverein und als Vertreter der Stadt Wien
1962 958 2886 1009 Gemeinderat Dr. Ritter von Schwarz=Hiller teil-
1962 1003 2885 1057 nahmen. Der Antrag des letzteren, die sofortige
1962 1048 2885 1099 Ausfuhr von 110 Waggons Lebensmittel für die
1965 1093 2885 1144 Gemeinde Wien aus Schweizer Beständen zu be-
1965 1141 2884 1192 willigen, fand die Zustimmung der Ententevertreter.
1965 1187 2884 1237 Einen weiteren Gegenstand der Beratungen bildete
1968 1232 2884 1282 die Frage der Finanzierung der Lebensmittelsendun-
1964 1276 2883 1327 gen. Zur Erörterung dieser Frage wurde ein Finanz-
1965 1324 2883 1372 komitee eingesetzt, das heute vormittag in der amerika-
1962 1370 2885 1420 nischen Gesandtschaft zu seiner ersten Sitzung zu-
1965 1414 2885 1465 sammentrat. Dem Komitee gehören für Deutschöster-
1962 1459 2886 1513 reich Freiherr von Hennet und Dr. Somary, für
1962 1506 2886 1558 Wien Dr. Ritter von Adler und Dr. Ritter von
1962 1551 2295 1603 Schwarz-Hiller an.
2004 1605 2397 1655 Bern, 25. Dezember.
2004 1651 2889 1705 Auf Grund der gestern erteilten Zustimmung der
1962 1699 2886 1750 Vertreter der Ententeregierungen geht Freitag früh
1962 1744 2883 1795 ab. Buchs der erste Lebensmittelzug
1962 1789 2883 1840 nach Wien ab. Der Zug, der etwa 60 Waggons
1965 1834 2883 1885 mit Mehl, Fett, Kondensmilch, Reis und Schokolade
1965 1883 2883 1933 führt, steht unter Leitung des schweizerischen Kom
1965 1927 2883 1978 missärs Oberstleutnants Frey. Als Bewachung fahren
1964 1972 2883 2023 zwei Unteroffiziere, 15 Soldaten und ein Sanitäts-
1965 2020 2883 2071 soldat mit. Mit dem gleichen Zuge begeben sich die
1962 2065 2883 2116 Arzte Dr. Ferrière jun. und Dr. Roth nach
1965 2110 2883 2161 Wien. Der Schweizer Bundesrat hat sich an das
1965 2155 2883 2209 italienische Okkupationskommando in Tirol wegen
1965 2203 2883 2254 Gewährung freien Durchzuges gewendet. Gemeinde
1965 2247 2880 2299 rat Dr. Ritter von Schwarz-Hiller
1964 2292 2883 2344 der die Verhandlungen mit dem Direktor
1965 2338 2883 2389 des eidgenössischen Ernährungsamtes Goumdens
1968 2386 2884 2437 führte, hat den Bürgermeister Dr. Weiskirchner
1964 2430 2884 2482 telegraphisch ersucht, Beamte der Gemeinde Wien
1967 2475 2884 2527 zum Empfange der Schweizer Herren nach St. Pölten
1965 2520 2884 2572 entgegenzusenden. Nächsten Montag soll ein
1965 2568 2884 2620 zweiter Zug mit gleichfalls 60 Wagen nach
1962 2613 2226 2662 Wien abgehen.
2004 2667 2406 2716 Bern, 25. Dezember.
2004 2713 2884 2767 Der Regierungsrat des Kantons Aargau hat das
1962 2759 2883 2809 kantonale Lebensmittelamt ermächtigt, der Stadt
1965 2803 2884 2857 Wien 10.000 bis 20.000 Kilogramm Julienne
1962 2851 2884 2902 aus seinen Vorräten durch Vermittlung der eid-
1964 2896 2799 2950 genössischen Instanzen zur Verfügung zu stellen.
1999 2949 2403 3001 Bern, 24. Dezember.
2001 2995 2884 3049 Die „Zürcher Zeitung“ schreibt: Die Zürcher
1965 3040 2885 3094 Hilfe für Wien kommt, und damit geht die
1964 3088 2885 3139 Hoffnung vieler in Erfüllung, die unter den Hiobs-
1967 3133 2885 3184 nachrichten aus Wien seelisch leiden, als ginge das
1965 3178 2885 3232 Gespenst des Hungers durch unsere eigene Stadt. Zu
1967 3223 2885 3276 Dutzenden gehen mit jeder Post Hilfeangebote aus
1965 3271 2885 3321 der Bevölkerung bei uns ein. Von allen Seiten
1965 3316 2883 3366 dringt man auf rascheste und weitestgehende
1965 3361 2885 3415 Hilfeleistung für das arme Wien, und schon
1965 3409 2883 3460 liegen die ersten Spenden bei uns: Banknoten,
1965 3454 2883 3505 Brot, Mehl, Fett und Reismarken und dazu
1964 3499 2885 3550 Schokolade für die armen, unschuldig leidenden
1965 3544 2885 3595 Kinder Wiens. Montag fand hier unter dem Vorsitze
1965 3589 2885 3640 des Stadtpräsidenten Nägeli die erste Besprechung des
1965 3637 2885 3685 neu gebildeten Zürcher Hilfskomitees statt, an der
1965 3683 2884 3733 Vertreter hiesiger gemeinnütziger Kreise teilnahmen.
1965 3728 2883 3775 Dadurch wird die Sonderaktion unserer Blattes über-
1968 3773 2883 3822 flüssig, da eine große Aktion weit ausgreifender
1965 3821 2883 3867 arbeiten kann. Eine Abordnung des Hilfskomitees wird
1965 3866 2883 3912 Dienstag in Bern mit dem Bundesrat und de
1962 3911 2883 3960 Volkswirtschaftsdepartement sowie mit dem ebenfalls
1964 3956 2883 4005 in Bildung begriffenen schweizerischen Hilfskomitee in
1964 4001 2886 4053 Wien in Verbindung treten und dann unverzüglich
1965 4048 2883 4096 die Arbeit in Zürich aufnehmen, die daran zweifeln
1965 4093 2727 4144 wir nicht, erfolg- und segensreich sein wird.
2001 4143 2404 4198 Bern, 25. Dezember.
2001 4191 2886 4243 Die „Zürcher Zeitung“ erläßt einen warmen
1962 4236 2886 4288 Aufruf an die Bevölkerung, während der Weite
1962 4284 2886 4333 nachtsfesttage der Kinder und Kranken
2004 181 2409 232 Paris, 25. Dezember.
2004 226 2796 277 Der belgische Generalstab teilt unter
2811 229 2886 277 N
1962 271 2889 322 24. d. M. mit: Heute hat die erste Kavallerie gabe
1961 316 2478 367 deutschen Boden betreten.
