2968 4395
113 90 720 147 Freitag, den 27. Dezember 1918.
1462 85 1507 125 5
2349 89 2844 134 Wiener Abendpost Nr. 296.
108 175 495 225 Bern, 26. Dezember.
111 220 993 270 Wie „Le Populaire“ meldet, hat Henderson
65 266 993 318 im Einvernehmen mit Huysmans und Van Kol
67 311 993 363 die Internationale zum 6. Jänner nach
68 356 993 408 London einberufen. Der Verwaltungsausschuß der
70 400 993 456 sozialistischen Partei Frankreichs hat die Einladung
71 450 693 501 laut „Petit Parisien“ angenommen.
303 590 759 668 Kleine Chronik.
360 677 693 722 Wien, 27. Dezember.
113 745 993 798 (Kaiser Wilhelm und Kaiserin Auguste
69 790 993 840 Viktoria.)  Aus Amerongen, 24. d. M., meldet
69 833 993 888 die niederländische Telegraphen-Agentur: Die Unpäß-
70 881 993 933 lichkeit des Kaiserpaares hält noch an. Beide hüten
70 928 993 978 das Bett, doch ist eine Besserung zu konstatieren.
70 973 993 1026 Über die Art der Krankheit ist nichts Bestimmtes
70 1018 993 1071 bekannt: es heißt, daß sie eine Art leichter Grippe
72 1067 993 1119 sei, während von anderer Seite behauptet wird, daß
71 1112 993 1167 jetzt die Reaktion der Nervenüberreizung eingetreten
71 1159 993 1212 sei. Die Schloßbewohner selbst sind im ungewissen
72 1205 600 1257 über die ärztlichen Ratschläge.
114 1267 993 1320 (Spenden.) Erzherzog Friedrich hat dem
69 1312 990 1365 Vereine „Silbernes Kreuz“ für die Ausspeisung
68 1357 990 1413 heimkehrender Reservisten 30.000 Kronen, für die
69 1402 989 1455 Ausſpeisungsaktion des Vereines „Schwarzgelbes
68 1447 988 1503 Kreuz“ 5000 Kronen und für den „Invalidendank“
67 1501 498 1551 5000 Kronen gespendet.
114 1560 992 1614 (Personalnachricht.) Der Staatssekretär für
69 1609 993 1659 Finanzen Dr. Steinwender hat sich vorgestern
66 1659 549 1704 abend nach Villach begeben.
110 1719 994 1770 (Konrad Prinz zu Hohenlohe.) Für
66 1762 990 1815 den am 21. d. M. verblichenen ehemaligen Minister-
68 1810 993 1863 präsidenten und Ersten Obersthofmeister Konrad
69 1855 993 1908 Prinzen zu Hohenlohe wurden heute in der
68 1904 801 1956 hiesigen Karls-Kirche Seelenmessen gelesen.
101 1966 990 2019 (Italienische Soldaten in Wien.) Gestern trafen
70 2012 990 2063 mit der Westbahn 116 italienische Soldaten unter
71 2054 990 2111 Führung von Offizieren in Wien ein; sie bilden die Be-
72 2102 990 2156 gleitung der Kommission, die die Ausführung der Waffen-
72 2151 990 2201 stillstandsbedingungen überwacht, und wurden in der
70 2199 642 2246 Schwarzenberg-Kaserne einquartiert.
111 2255 993 2303 (Wiener „Urania“.) In der „Urania“ veranstaltete
69 2303 993 2354 Herr K. E. Kleinert am ersten Weihnachtsfeiertag
69 2345 990 2399 einen „fröhlichen Dichterabend“, an dem er eine Reihe
67 2390 990 2444 humoristischer Dichtungen lebender deutschösterreichischer
66 2438 993 2489 Autoren zum Vortrage brachte. Kleinert liest mit Aufgebot
69 2486 990 2538 aller dem Vorleser zugänglichen darstellerischen Mittel,
69 2532 990 2582 liefert vorzügliche Stimmkopien und schreckt auch
71 2580 993 2630 gelegentlich vor ein paar gesungenen Versen nicht zurück.
72 2622 993 2675 Sein wohllautendes Organ, sein feines literarisches Ver-
71 2670 993 2723 ständnis kommen ihm und nicht minder seinen Dichtern sehr
69 2718 993 2768 zustatten. Unter diesen freilich waren einige, deren Häupter
69 2763 993 2813 noch die Eierschalen des Dilettantismus allzu deutlich zu
69 2811 993 2862 tragen schienen. Immerhin ist eine Reihe gereifter und
69 2859 993 2906 anerkannter Talente darunter gewesen, so Ottokar
65 2901 993 2954 Kernstock, Fritz über-Gunther, Marie Stona, der Dialekt-
69 2946 990 2999 dichter Leopold Hörmann. Im ganzen war es eine wohl-
68 2994 990 3047 gelungene Veranstaltung, die ihrem Zweck, dem Publikum
69 3041 972 3093 eine frohe Stunde zu bereiten, voll gerecht ward. — k.
104 3098 993 3150 (Zeitweilige Aufhebung der Theatersperre.) Das
72 3146 993 3194 Staatsamt für öffentliche Arbeiten hat gestattet, daß am
72 3192 993 3239 Sonntag, den 29. d. M., Dienstag, den 31. d. M., und
72 3236 993 3287 Mittwoch, den 1. Jänner 1919, die Theater, Konzert-
71 3281 993 3333 räume, Kinos, andere Vergnügungsetablisse-
71 3329 993 3381 ments u. s. w. bis 8 Uhr Abends spielen dürfen. Morgen,
71 3374 726 3426 Samstag, sind die Theater nicht geöffnet.
105 3434 993 3483 (Sperrſtunde zu Silvester.) Das Staatsamt für
71 3480 993 3530 öffentliche Arbeiten hat gestattet, daß am Dienstag, den
71 3525 993 3575 31. d. M., die Gasthäuser um 10 Uhr Abends und
72 3569 993 3620 die Kaffeehäuser um 11 Uhr Abends sperren dürfen.
104 3628 993 3677 (Die Gaswerkarbeiter der Stadt Wien.) Eine
72 3666 993 3713 Abordnung der kommandterten Gaswerkarbeiter der städti-
75 3705 993 3752 schen Gaswerke sprach bei dem Delegierten Axmann
72 3738 993 3788 des Zentralausschusses der deutschösterreichischen Soldaten-
72 3777 993 3824 räte vor und überreichte ein Memorandum, in dem bekannt-
72 3816 993 3863 gegeben wurde, daß die kommandierten Arbeiter am
72 3852 993 3899 16. d. M. mit 14tägiger Kündigungsfrist gekündigt seien,
71 3887 996 3938 so daß sie sich mit 21 d. M. als entlassen betrachtet
71 3923 997 3974 hätten, und baten, der Delegierte möge sofort mit der
71 3963 999 4010 Gaswerksdirektion in Unterhandlung treten, damit die
72 3998 999 4046 Kündigung aufgehoben wird. Über die Verhandlung wird
72 4038 1002 4082 folgendes berichtet: Axmann sprach gestern bei dem
71 4074 1002 4121 Direktor der städtischen Gaswerke Ingenieur Menzl
69 4110 1002 4157 vor, um Protest gegen die geplante Arbeiterentlassung
69 4146 1005 4193 in den Gaswerken zu erheben. Nach Überprüfung der
72 4182 1002 4232 Sachlage wurde seitens der Gaswerksdirektion der Beschluß
72 4218 1002 4271 gefaßt, kommandierte Arbeiter deutschöſterreichiſcher
75 4256 1001 4304 Nationalität nicht zu entlassen. Sämtliche Arbeiter unter
81 4291 999 4340 40 Jahren werden von der Werkleitung der beiden Gas-
1017 168 1941 212 werke in eigenen Stand übernommen auf Grund der
1017 204 1941 248 bestehenden bekannten Aufnahme- und Lohnbedingungen
1017 240 1940 287 mit Anrecht auf Pensionierung. Arbeiter über 40 Jahre
1017 279 1940 323 werden in der Lünderbankliste wie bisher weitergeführt
1017 315 1939 359 und bleiben in derselben Arbeit; wo dies technisch
1017 350 1938 395 unmöglich, müssen diese Arbeile zu Notstandsarbeiten ver-
1017 393 1266 433 wendet werden.
1050 566 1941 614 (Burgtheater.) Die Weihnachtsfeiertage brachten
1017 611 1941 659 eine neuartige Darbietung des Burgtheaters: zwei
1017 656 1941 707 Matineen, in denen die Vorlesekunst einer Mitglieder
1017 704 1941 753 zu schöner Geltung kam. Der erste Tag war Goethe
1017 752 1941 798 gewidmet, der zweite Dichtungen der roman
1016 796 1941 846 kischen Periode. Die Damen Bleibtreu, Medelsky,
1017 842 1941 891 Wohlgemuth, Mayer, die Herren Paulsen,
1017 887 1938 936 Walden, Treßler, Heine, Korff erschienen am Vor-
1017 932 1938 984 lesepult. Aus dem vielen Guten sei nur das Wir-
1015 980 1938 1029 kungsvollste hervorgehoben. Frau Bleibtreu las
1015 1025 1938 1074 wie immer mit zuverlässigem Verständnis die herr-
1017 1073 1938 1122 lichste aller Einleitungen, die „Zueignung“, Frau
1017 1117 1938 1167 Medelsky hatte mit dem „Fischer“ einen bestver
1017 1165 1940 1215 dienten Erfolg. Virtuose Technik bewies Herr
1017 1211 1938 1260 Treßler mit dem „Türmer“; sehr hübsch gelang ihm
1014 1256 1938 1308 die „Wirkung aus der Ferne“. Die innigste Wirkung
1014 1304 1938 1353 unter den Vorträgen der zweiten Vorlesung hatte wohl
1014 1349 1938 1401 Herr Korff mit der Geschichte vom „Braven Kasperl
1014 1397 1938 1446 und dem schönen Annerl“; der Künstler stellte zuerst
1017 1442 1940 1491 mit feinsinniger Berechnung die Gestalt der greisen
1014 1490 1935 1539 Großmutter in den Vordergrund, er ließ sie sprechen
1017 1531 1938 1584 in ihrer schlichten Frömmigkeit, in ihrer herb ab-
1014 1582 1938 1632 wehrenden, bäuerlichen Vornehmheit. Dann aber nahm
1014 1628 1938 1676 er den Bericht wiederum an sich, und der stürmte
1013 1675 1938 1725 nun mit wuchtiger Betonung zum Schlusse hin. Dem
1017 1723 1938 1770 Meisterstück Klemens Brentanos wurde sein voller
1014 1768 1938 1818 Eindruck leider dadurch verkümmert, daß die mangel-
1014 1811 1938 1863 hafte Akustik des Hauses die Galerie zu einigen und
1017 1859 1938 1911 gebärdigen Kundgebungen veranlaßte. Bezüglich der
1014 1904 1938 1956 letzten Nummer des Programmes war bedauerlicher-
1014 1955 1939 2007 weise eine Änderung vorgenommen worden. Man
1015 2003 1938 2055 hatte sich darauf freuen dürfen, daß Herr Walden
1015 2048 1935 2100 aus den „Phantasiestücken in Callots Manier“ den
1015 2096 1935 2145 „Don Juan“ lesen werde, diese wundervoll beredte Ver-
1015 2141 1935 2193 herrlichung des Mozartschen Kunstwerkes, die mit ihrer
1015 2185 1938 2235 damals überraschenden Hypothese bezüglich der Donna
1017 2233 1938 2283 Anna überall von sich reden gemacht hat. Wir be-
1016 2281 1935 2331 kamen aber dafür nur den „Ritter Gluck“ zu hören,
1016 2327 1938 2376 eine Skizze, in der der musikalische Enthusiast E. T. A.
1017 2372 1935 2421 Hoffmann einen Hymnus auf den großen Erneuerer
1017 2419 1932 2469 der deutschen Oper mit grimmigen Seitenhieben auf
1803 2462 1894 2510 — k.
1017 2464 1602 2514 die Berliner Musikpflege verquickt.
1047 2558 1937 2607 Im Burgtheater gelangt Sonntag, den
1014 2603 1932 2652 29. d. M., das vieraktige Schauspiel „Der Schöpfer“
1014 2652 1938 2696 von Hans Müller zur Aufführung. Es wirken mit die
1014 2697 1938 2747 Herren Arndt, Baumgartner, Devrient, Gehrs, Gimnig,
1017 2742 1935 2789 Haeusermann, Heine, Heller, Herterich, Huber, Marr,
1017 2790 1935 2834 Moncza, Moser, Romberg, Schott, Siebert, Straßni,
1017 2835 1938 2879 Treßler, Walden und Wawra, die Damen Kallina,
1017 2876 1939 2927 Medelsky und Schulz. Die Rolle der Johanna spielt dies-
1015 2924 1939 2972 mal Frl. Marberg. Diese Vorstellung beginnt um
1016 2971 1314 3021 Halbfünf Uhr.
1044 3026 1939 3075 Im Operntheater kommt Sonntag, den
1017 3072 1940 3119 29. d. M., „Pique-Dame“ mit den Damen Kittel,
1017 3113 1940 3164 Lehmann, Bauer von Pilecka, Szterenyi Jovanovie, Thann
1017 3162 1940 3209 sowie den Herren Slezak, Wiedemann, Fischer, Breuer,
1018 3206 1935 3255 Madin, Arnold, Rittmann, Stehmann zur Aufführung
1018 3254 1940 3302 Anfang 5 Uhr. — Dienstag, den 31. d. M., werden
1019 3296 1941 3348 die Ballette „Die Jahreszeiten der Liebe“,
1020 3344 1941 3393 „Die Prinzessin von Tragant“ und „Die
1019 3389 1941 3441 Puppenfee“, Anfang 5 Uhr, und am Neujahrs-
1020 3435 1854 3486 tage „Tannhäuser“, Anfang 4 Uhr, aufgeführt.
1052 3526 1940 3575 (Spielplan des Burgtheaters.) Sonntag, 29. De-
1020 3566 1941 3611 zember, „Der Schöpfer“. (Anfang 41/2 Uhr) — Montag,
1020 3603 1941 3647 30., geschlossen. Dienstag, 31., „Die verlorene
1020 3637 1941 3683 Tochter.“ (Anfang 5 Uhr.) — Mittwoch, 1. Jänner. „Die
1018 3676 1449 3721 Räuber“ (Anfang 3 Uhr.)
1377 3783 1578 3834 Lokales.
1050 3847 1941 3893 (Entsprungen.) Der Häftling Johann Breitwieser
1020 3885 1941 3931 ist heute nacht aus seiner Zelle im Landesgericht ent-
1020 3924 1941 3968 kommen. Breitwieser, ein überaus gefährlicher Verbrecher,
1020 3957 1941 4004 hatte eine Felle im zweiten Stockwerke des Gerichts-
1022 3996 1941 4043 gebäudes und stand unter scharfer Bewachung. Trotzdem
1022 4029 1942 4079 war es ihm gelungen, mit einem Werkzeug, das
1023 4065 1943 4115 jedenfalls eingeschmuggelt worden war, die Gitter-
1023 4103 1943 4151 stäbe seines Fensters zu durchfeilen und aus dem Fenster
1022 4142 1943 4187 zu steigen. An dem Blitzableiter kletterte er dann vom
1022 4179 1943 4226 zweiten Stock in das erste Stockwerk hinab und erreichte
1022 4214 1944 4262 von dort aus das Freie. Seine Flucht wurde heute früh
1022 4250 1944 4298 bemerkt. Die Polizeidirektion wurde von seinem Entweichen
1023 4285 1944 4337 sofort verständigt und hat alle Maßnahmen zu seiner Ver-
1965 162 2885 209 folgung eingeleitet. Auf seine Ergreifung wurde eine Be-
1965 204 2885 247 lohnung von 1000 Kronen ausgesetzt. Beitwieser ist
1964 237 2885 283 ziemlich groß, mittelstark, hat schwarzbraunes Haar und
1963 276 2703 319 dunkelbraunen, englisch gestutzten Schnurrbart.
1998 329 2885 374 (Eine herrenlose Amerling-Skizze.) Am 22. d. M.
1962 366 2884 410 Vormittags kam ein ungefähr 30jähriger Mann in das
1962 402 2884 446 Antiquitätengeschäft des Heinrich Ephron in der Weih-
1962 441 2884 485 burggasse und bot angeblich im Auftrag eines Herrn,
1962 477 2883 521 dessen Namen er nicht nennen dürfe, eine Skizze von
1962 512 2884 557 Amerling, die aus dem Jahre 1733 stammt und auch vom
1962 551 2884 596 Künstler signiert ist, um 1000 Kronen zum Kauf an. Der
1962 587 2884 632 Verkauf kam später zustande. Der Verkäufer stellte über
1959 623 2884 668 den Preis von 600 Kronen eine Bestätigung aus, die er
1959 659 2883 704 als Josef Kranzl. Schiff misgasse Nr. 24, unter-
1959 698 2883 743 zeichnete. Ephron erschien später der Ankauf bedenklich,
1959 731 2883 779 denn es stellte sich heraus, daß Name und Adresse vor-
1959 770 2883 815 getäuscht waren. Ephron erstattete beim Polizeikommissariat
1962 806 2883 854 Innere Stadt die Anzeige und hinterlegte dort das Bild.
1959 843 2883 890 Es stellt einen Herrn in schwarzem Rock mit hohem Hemd-
1959 882 2538 926 tragen und schwarzem Halstuch dar.
1991 935 2883 980 (Brand.) Heute nacht brach in dem unterhalb des
1958 971 2883 1019 Porzellanhauses Wahliß in der Kärntnerstraße Nr. 17
1959 1010 2883 1055 befindlichen Packraum ein Feuer aus, das sich auf die
1959 1046 2883 1091 eigentlichen Geschäftsräume ausdehnte und dort be-
1959 1086 2883 1127 deutenden Schaden stiftete. Der Feuerwehr gelang es nach
1959 1121 2883 1166 verhältnismäßig kurzer Zeit, die Flammen zu unterdrücken.
1995 1175 2886 1217 (Einbrüche.) Vorgestern wurde die Wohnung der Frau
1959 1211 2886 1256 Elsa Wintler Praserstraße Nr. 94, erprochen. Gestohlen
1959 1247 2883 1295 wurden eine Handkassette mit 32,000 Kronen Bargeld,
1959 1286 2886 1331 vier goldene mit Brillanten und Saphiren besetzte Ringe,
1962 1322 2886 1367 andere Schmuckgegenstände, Kriegsanleihen, Oese und
1959 1358 2887 1403 Obligationen. Der Gesamtschaden be ragt 6.000 Kronen.
2009 1394 2886 1442 Am 24. d M. Nachmittags wurde die Wohnung der
1961 1433 2886 1481 Freifrau von Poche-Lattmayer, Dreihufeisengasse, erbrochen.
1959 1469 2883 1514 Gestohlen wurden eine Kassette mit 400 Kronen, ferner
1962 1505 2886 1553 silbernes Eßbesteck, eine silberne Stockuhr und Schmuck-
1959 1542 2886 1592 gegenstände im Gesamtwerte von 20,000 Kronen sowie
1959 1580 2776 1628 zwei Scheckbriefe der Österreichisch-ungarischen Bank.
1991 1633 2889 1679 (Verhaftungen.) Am 25. d. M. wurde im 7. Be-
1959 1673 2890 1718 zirke der Lederarbeiter Elemer Hauſer verhaftet.
1959 1709 2886 1754 Hauser hatte sich fälschlich für einen Fliegeroffizier
1959 1745 2886 1790 ausgegeben und verschiedene Betrügereien verübt.
1962 1784 2890 1829 Gestern abend wurde aus dem „Café Elektra“ in der
1962 1820 2889 1865 Mariahilfer Straße Nr. 79 eine Gesellschaft entfernt, die
1959 1856 2889 1901 dort einen heftigen Streit begonnen hatte. Einer der
1959 1892 2889 1940 Hinausgeworfenen, der Chauffeur Johann Jehlim, gab
1959 1931 2889 1976 zwei Revolverschüsse im Lokal ab. Oberwachmann Karl
1959 1967 2889 2012 Wimmer und der Volkswehrmann Karl Simon, die
1959 2003 2886 2051 sich um die Herstellung der Ordnung bemühten, erlitten
1959 2042 2853 2090 leichtere Schußverletzungen. Jehlim wurde festgenommen.
1992 2093 2888 2141 (Diebstahl.) Im Rangierbahnhof in der Brigittenau
1960 2132 2888 2177 entdeckte heute nacht die Volkswehr, die die Bahnhof-
1960 2168 2888 2216 überwachung besorgt, eine Diebsbande, die eben daran war,
1960 2204 2888 2249 einen Waggon zu erbrechen. Die Volkswehrleute mußten
1960 2243 2888 2288 von der Feuerwaffe Gebrauch machen. Mehrere Mitalieder
1960 2279 2887 2324 der Bande, die aus sechs bis sieben Personen bestand,
1961 2315 2887 2360 wurden verletzt, vermochten aber bis auf einen Schwer-
1961 2351 2887 2399 verwundeten, der sich „Neumann“ nannte, zu entkommen.
1994 2405 2887 2450 (Schwere Körperverletzung.) Gestern abend ver-
1961 2444 2887 2489 setzte im Verlauf eines in der Maximilianstraße entstandenen
1962 2480 2886 2525 Streites der Fiaker Karl Schidlo dem Fuhrwerksbesitzer
1962 2516 2886 2564 Johann Urban mehrere Messerstiche. Urban wurde schwer
1962 2555 2886 2600 verletzt ins Allgemeine Krankenhaus gebracht. Die Aus-
1962 2589 2739 2636 forschung des flüchtigen Täters wurde eingeleitet.
2280 2709 2565 2773 Gerichtssaal.
2520 2771 2853 2820 Wien, 27. Dezember.
1995 2818 2888 2864 Veruntreuung und Diebstahl.) Vor dem Schwur-
1965 2854 2888 2900 gericht unter Vorsitz des O LGR. Pokorny hatte
1965 2894 2888 2936 sich heute die 22jährige Verkäuferin Auguste Haid
1965 2930 2888 2975 mayer wegen Veruntreuung und Diebstahls zu
1965 2966 2888 3008 verantworten. Die Beschuldigte, die seit 1912 im Konfek-
1965 3002 2888 3047 tionsgeschäfte Beer bedienstet war, hatte Waren
1965 3041 2888 3083 verkauft, ohne den Betrag auf dem Block einzutragen, und
1965 3078 2888 3119 das von den Kunden empfangene Geld für sich behalten.
1964 3114 2888 3155 Der Firmainhaber bezifferte seinen Schaden auf etwa
1964 3150 2886 3194 30.000 Kronen. Die Beschuldigte gestand die Unredlich
1964 3186 2889 3230 keiten zu und behauptete, daß sie das ganze
1965 3222 2889 3266 veruntreute Geld, etwa 100 Kronen täglich, ihrem
1964 3258 2889 3302 Geliebten, dem Korporal Karl Kresaldo, gegeben habe.
1965 3296 2889 3338 Es kam ein Vergleich mit der Firma zustande, nach welchem
1965 3333 2889 3377 sich die Verwandten der Angeklagten und Kresaldo ver-
1964 3369 2889 3416 pflichteten, 15000 Kronen als Schadensgutmachung zu
1964 3408 2889 3452 zahlen, doch wurden die Raten nicht eingehalten, worauf
1964 3443 2406 3488 die Anzeige erstattet wurde.
1998 3480 2889 3524 Nach mehrstündiger Dauer wurde die Verhandlung gegen
1965 3515 2889 3560 Auguste Haidmayer zum Zwecke weiterer Erhebungen und
1965 3554 2511 3596 neuer Zeugenladungen vertagt.
2148 3665 2694 3736 Neueste Nachrichten.
1997 3735 2853 3788 (Mitteilungen des Telegraphen-Korrespondenz-Bureaus.)
2265 3802 2589 3855 Deutschösterreich.
2001 3859 2885 3911 Vom Staatsamte für Heerwesen wird
1969 3912 2169 3959 ver autbart:
2004 3952 2885 4001 Gegenüber den fortgesetzten Versuchen einzelner
1968 3998 2885 4049 Wiener Blätter, einen unserer Staatssekretäre als den
1968 4043 2885 4095 allein maßgebenden Leiter des Staatsamtes für Heer-
1969 4091 2886 4142 wesen hinzustellen, erklären wir: Das Staatsamt für
1970 4136 2886 4187 Heerwesen wird von den Vertrauensmännern derselben
1971 4184 2886 4233 politischen Parteien geleitet, aus denen sich die derzeitige
1972 4229 2886 4281 Regierung zusammensetzt. Ihre Arbeit wurde bisnun
1974 4274 2886 4325 in heradschaftlicher Weise und völlig reibungslos
1278 494 1674 550 Theater und Kunst.
