2968 4395
618 272 672 586 ſ
690 298 1161 582 ener
1605 260 1709 586 d
1722 296 2641 578 bendpo/
2661 304 2804 583 I.
114 667 628 739 1918 — Nr. 296
1110 785 1806 824 Pränumerations=Prelse:
495 832 2430 871 Ohne Zustellung ganzj. 13 Kronen, halbj. 6 Kronen, viertel 5 Kronen, mit Zustellung oder Postversendung ganz. 20 Kronen, halbj. 10 Kronen, viertelj. 5 Kronen.
321 876 2745 916 HeRedahtlen: l., Bäckerstraße 13 (Telephon Nr. 18.101 und 18.528); Direktlon: I., Bäckerstraße 13 (Telephon Nr. 22.543); Druckerel: l., Bäckerstraße 20 (Telephon Nr. 14.824). Einzelne Nummern
1019 664 1862 748 Beilage zur Wiener Zeitung
2151 658 2802 745 Freitag, 27. Dezember
299 1018 737 1082 Die Friedensfrage.
396 1095 636 1139 (Telegramme.)
1940 996 2868 1047 Harter, Graz; Dr. Alexander Horowitz,
1944 1038 2871 1089 Generalsekretär der Börse für landwirtschaftliche Pro=
1941 1087 2169 1137 dukte, Wien.
90 1149 492 1200 Bern, 24. Dezember.
93 1194 972 1245 Die „Zürcher Zeitung“ meldet aus Paris
46 1240 972 1290 über die Vorbereitung der Friedens=
47 1285 972 1335 verhandlungen: Nach einer langen Unter=
48 1333 974 1380 redung mit dem Präsidenten Wilson, über die
51 1378 973 1431 Clemenceau seine volle Befriedigung aussprach,
51 1427 975 1473 begab sich der französische Ministerpräsident zu Leon
51 1472 975 1521 Bourgeois, um die französische Vereinigung für
51 1517 975 1566 die Begründung einer Liga der Nationen aufzufor=
54 1562 978 1611 dern, im Einverständnis mit den Vereinen der
54 1606 975 1656 alliierten Länder für den Völkerbund einen vollstän=
52 1654 975 1704 digen Text der Satzungen vorzubereiten, der den ver=
54 1700 978 1749 bündeten Regierungen auf der Friedenskonferenz als
54 1747 531 1794 Grundlage zu dienen hätte.
102 1800 978 1851 Der „Matin“ gibt Mitteilungen über das
57 1846 978 1896 weitere Vorgehen, das Wilson und die Alliierten
54 1892 982 1944 einschlagen werden. Die siegreichen Regierungen
55 1939 981 1986 werden in die Friedenspräliminarien die Leitsätze des
55 1984 981 2031 künftigen Völkerbundes aufnehmen, so besonders Be=
57 2029 981 2079 stimmungen über das Selbstbestimmungsrecht der
57 2077 984 2124 Völker, die Abrüstung und das obligatorische Schieds=
57 2122 984 2172 gericht. Sie werden ferner die territorialen und
57 2167 984 2217 finanziellen Bedingungen formulieren, welche die
57 2216 984 2265 Gegner ohne Diskussion zu akzeptieren haben.
60 2261 983 2310 Sind die Friedenspräliminarien einmal unter=
58 2306 983 2355 zeichnet, so werden die kriegführenden Mächte über
59 2351 983 2400 die Details des Friedensvertrages diskutieren. An
59 2399 983 2448 diese Konferenz wird sich schließlich der allgemeine
60 2443 983 2493 Kongreß anschließen, auf dem die Einzelheiten des
60 2488 983 2538 Völkerbundes festgestellt werden sollen. In dieser
58 2533 982 2583 Konferenz werden die Neutralen als Gleichberechtigte
57 2581 982 2631 zugelassen werden, wenn sie hinreichende Garantien
57 2626 982 2676 bieten. Deutschland kann den Anspruch auf Gleich=
55 2675 982 2724 berechtigung erst dann erheben, wenn es seine Schulden
54 2719 982 2769 bezahlt und die Sühne geleistet haben wird, die ihm
56 2765 781 2814 die internationale Justiz auferlegen wird.
97 2826 618 2877 Amsterdam, 25. Dezember.
99 2872 981 2925 Dem „Nieuwen Rotterdamschen Courant“ zufolge
50 2920 981 2970 wird den „Times“ aus Paris gemeldet, in
53 2965 981 3018 vielen Kreisen herrsche unverkennbar Enttäuschung
54 3010 978 3060 darüber, daß die alliierten Regierungen mit der Be=
56 3058 981 3108 handlung der hauptsächlichsten Friedensfragen zu
53 3103 981 3153 wenig Ernst machten. Seit Abschluß des Waffen=
54 3148 980 3198 stillstandes seien bereits sechs Wochen verlaufen, und
54 3193 980 3243 es würden noch wenigstens 14 Tage ver=
53 3241 980 3291 gehen, bis die Konferenz der Alliier=
52 3286 980 3336 ten zum ersten Male zusammentrete. Die
52 3331 980 3381 Staatsmänner seien durch zeremonielle Pflichten
51 3375 979 3429 ermüdet, und die Atmosphäre sei für die Behandlung
51 3420 978 3474 ernster Fragen nicht günstig. Was England betreffe,
50 3469 979 3519 so sei es möglich, daß der Besuch Wilsons den
50 3514 978 3564 praktischen Idealismus, der die öffentliche Meinung
49 3559 978 3609 während des Krieges charakterisiert habe, wieder auf=
48 3605 387 3654 leben lassen werde.
93 3658 975 3711 Der Parlamentskorrespondent der „Daily News“
51 3706 979 3756 schreibt, daß über die Frage der Freiheit der Meere
50 3751 978 3801 zwischen den Vereinigten Staaten und England keine
47 3796 978 3846 Meinungsverschiedenheiten bestehen. Die vorläufigen
46 3844 978 3894 Schwierigkeiten, die beigelegt werden müssen, seien
45 3890 327 3936 anderer Natur.
85 3951 597 4002 Amsterdamt, 24. Dezember.
89 3997 976 4047 Nach einer Meldung des Reuterschen Bureaus
44 4041 976 4095 schreibt Oberst Repington in der „Morning
44 4086 978 4140 Post“, der Plan Lloyd=Georges, die Abschaffung
42 4134 979 4185 der militärischen Dienstpflicht in
42 4179 978 4230 Europa vorzuschlagen, sei zwar ein Zeichen
42 4224 981 4275 staatsmännischer Einsicht und werde vor allem die
995 997 1920 1047 Zustimmung der kleinen Völker finden, man könne
999 1043 1920 1089 sich aber nicht unter allen Umständen dazu ver=
998 1085 1920 1137 pflichten. Es seien noch keine Anzeichen dafür vor=
998 1133 1920 1182 handen, daß die Deutschen daran denken, die Dienst=
999 1181 1922 1230 pflicht abzuschaffen. Jedenfalls müsse die Abschaffung
999 1225 1794 1275 in den Friedensbedingungen festgelegt werden.
1038 1274 1923 1330 New=York, 23. Dezember. (Meldung des Reuter-
1002 1327 1272 1374 schen Bureaus.)
1041 1369 1923 1419 Der Washingtoner Korrespondent der „Associated
1001 1417 1925 1467 Preß“ ist ermächtigt, mitzuteilen, daß Wilson
999 1462 1923 1512 sich allen Vorschlägen, die auf Grund der Waffen=
999 1509 1926 1557 stillstandsbedingungen übergebenen deutschen
999 1555 1926 1605 Kriegsschiffe zu versenken, ernstlich widersetze.
1272 1675 1650 1739 Deutschösterreich.
1041 1755 1926 1806 Vom Deutschösterreichischen Staatsamte für Volks=
999 1801 1927 1851 ernährung wird verlautbart: Nach dem neuen Statute
999 1846 1928 1896 der Deutschösterreichischen Kriegs=
1002 1893 1929 1944 getreideanstalt vom 16. Dezember 1918
1000 1939 1929 1989 obliegt die Leitung der Anstalt einer vom Staats=
1002 1983 1929 2034 sekretär für Volksernährung bestellten Verwaltungs=
1001 2028 1929 2082 kommission. Dieser sind alle wichtigen und grund=
1002 2074 1930 2127 sätzlichen Angelegenheiten vorzulegen. Die Verwaltungs=
1002 2122 1932 2172 kommission besteht aus 12 Mitgliedern und ebenso
1002 2167 1929 2217 vielen Ersatzmännern. Der Staatssekretär für Volks=
1002 2212 1929 2265 ernährung hat zum Vorsitzenden der Verwaltungs=
1002 2259 1929 2310 kommission den Minister a. D. Ludwig Paul
1002 2305 1929 2355 ernannt. Als Mitglieder aus den Kreisen der Verbraucher
1002 2353 1929 2403 wurden bestellt: Emmi Freundlich, Setretärin
1002 2398 1929 2448 des Konsumgenossenschaftlichen Wirtschaftsausschusses;
1003 2443 1924 2496 Fanni Freund Markus, Präsidentin der „Rohs“;
1004 2487 1929 2541 Franz Hesky. Geschäftsführer der Großeinkaufs=
1003 2535 1929 2586 gesellschaft öst rreichischer Konsumvereine; Alois
1003 2578 1929 2631 Maresch, Obmann des Ersten Wiener Konsum=
1004 2626 1929 2676 vereines, als Ersatzmänner: Josef Franke, Ind
1004 2671 1929 2724 spektor des Ersten niederösterreichischen Arbeiterkonsum=
1004 2718 1929 2769 vereines: Josefine Berta Pacher, Präsidentin des
1005 2764 1926 2814 Verbandes deutscher Hausfrauen; Dr. Josef Horn,
1005 2809 1929 2862 Finanzrat und Vorstandsmitglied des Reichswirtschafts=
1005 2854 1927 2907 bundes der Festangestellten; Wilhelm Wilhelm,
1005 2899 1926 2949 Sekretär des Zentralverbandes österreichischer Konsum=
1004 2946 1926 2997 vereine. Aus den Kreisen der landwirtschaftlichen
1004 2991 1923 3042 Erzeuger wurden als Mitglieder bestellt: Josef Goll,
1004 3039 1926 3087 Mitglied der Provisorischen Nationalversammlung, Leiter
1003 3081 1926 3135 der Futtermittelstelle des Deutschösterreichischen Staats=
1003 3129 1927 3180 amtes für Volksernährung; Johann Eisterer,
1003 3175 1926 3225 Mitglied der Provisorischen Nationalversammlung,
1003 3219 1926 3273 Mühlenbesitzer; Josef Zweybacher, Obmann des
1002 3267 1926 3315 Landwirtschaftlichen Bezirksvereines St. Pölten; Franz
1002 3312 1926 3363 Wagner, Mitglied der Provisorischen National=
1002 3358 1927 3408 versammlung, Grundbesitzer; als Ersatzmänner: Johann
1002 3403 1926 3456 Lachner, Präsident der Salzburger Landwirt=
1005 3450 1926 3501 schaftsgesellschaft, Grundbesitzer; Karl Niedrist,
1002 3495 1926 3546 Mitglied der Provisorischen Nationalversammlung, Ge=
1002 3540 1927 3594 meindevorsteher in Münster; Andreas Karpfinger,
1002 3588 1927 3639 Bürgermeister in Markgraf Neusiedl; Josef Nagele,
1000 3634 1927 3684 Mitglied der Provisorischen Nationalversammlung.
1002 3678 1929 3726 Brauereibesitzer. Aus den Kreisen des Handels, der
1002 3723 1929 3774 Industrie und des Gewerbes wurden als Mitglieder
1002 3769 1930 3819 bestellt: Hugo Hauser, Gesellschafter der Firma
1002 3816 1930 3864 Hauser und Sobotka; Oskar Kraus, Direktor der
999 3861 1930 3912 Hammerbrotwerke; Max Resch, Generaldirektor der
999 3906 1929 3954 Ersten Wiener Walzmühle Vonwiller u. Ko. A. G.;
999 3951 1932 3999 Moritz Kohn, Kommerzialrat und Erster Vizepräsident
999 3996 1932 4047 der Börse für landwirtschaftliche Produkte; als
999 4044 1932 4093 Ersatzmänner: Alfons Erhard, Generaldirektor der
999 4086 1932 4140 vereinigten Brauereien Schwechat, St. Marx, Simme=
997 4134 1932 4185 ring Dreher, Mautner Meich! A. G.; Johann
999 4179 1932 4231 Breunig, Kommerzialrat und Vorstand der
996 4226 1935 4276 Wiener Bäckergenossenschaft: Ingenieur Ernst
1986 1179 2875 1230 Die für Samstag, den 28. d. M., um 3 Uhr
1944 1225 2874 1275 Nachmittags anberaumte Sitzung der deutsch=
1945 1270 2873 1320 böhmischen Landesversammlung findet
1947 1316 2871 1368 nicht im Gebäude der Handels= und Gewerbekammer.
1948 1363 2871 1413 sondern im Sitzungssaale des Herrenhauses im
1950 1407 2373 1458 Parlamentsgebäude statt.
2291 1497 2520 1541 (Telegramme.)
1989 1554 2505 1605 Klagenfurt, 26. Dezember.
1986 1600 2877 1650 Die Landesregierung in Klagenfurt
1949 1648 2874 1698 hat gestern an die Laibacher Nationalregierung fol=
1950 1692 2875 1744 gendes Telegramm gerichtet: Am 23. d. M. wurde
1950 1737 2873 1788 eine Berglehne bei Maria=Rain seitens jugo-
1949 1786 2871 1836 slavischer Artillerie beschossen und von jugo=
1949 1830 2871 1881 slavischer Infanterie ein gewaltsamer Einbruch
1950 1875 2872 1926 auf das linke Drauufer versucht. Die Landes=
1950 1920 2873 1971 regierung in Klagenfurt konstatiert, daß seitens der
1950 1969 2874 2016 dortigen Truppen eine ständige Bedrohung des
1953 2013 2874 2064 Eigentums und des Lebens der Kärntner Bevölkerung
1952 2058 2874 2112 sowie provokatorische Angriffe auf unsere Sicherheits=
1952 2103 2874 2157 organe erfolgen, erhebt gegen diese Vorfälle neuerlich
1953 2151 2874 2202 Protest und ersucht, die militärischen Kommanden
1952 2196 2874 2250 des besetzten Gebietes sofort anzuweisen, bis zur end=
1952 2242 2875 2298 gültigen Entscheidung über die Grenzen zwischen den
1953 2290 2875 2340 vertragschließenden Staaten auf der Friedenskonferenz
1952 2335 2877 2388 jeden Vorstoß in von deutschösterreichischen Truppen
1949 2380 2877 2433 besetzte Teile Kärntens unbedingt zu unterlassen und
1952 2428 2877 2478 vollen Schutz des Eigentums und der Person der
1952 2473 2613 2526 hiesigen Bevölkerung zu gewährleisten.
1991 2518 2881 2571 Die Landesregierung in Kärnten hat ferner am
1952 2562 2877 2616 24. d. M. bei der Laibacher Nationalregierung
1953 2607 2880 2661 telegraphisch gegen die Verhaftung der Oberlehrer
1952 2655 2877 2709 Marinitsch in St. Johann im Rosenthal und Mack
1952 2700 2880 2754 in Karpel an der Drau sowie des Fleischhauers
1949 2745 2877 2799 Ogris durch südslavische Soldaten schärfsten Protest
1950 2793 2703 2844 erhoben und sofortige Freilassung verlangt.
1990 2847 2391 2901 Prag, 26. Dezember.
1991 2893 2877 2946 In einer Kundmachung des czecho=slovakischen
1949 2939 2878 2991 Ministeriums für nationale Verteidigung wurden alle
1950 2983 2878 3033 Soldaten der Jahrgänge 1898 bis 1882, deren
1950 3028 2878 3081 Dienstort sich in den deutschen Gebieten befindet, zur
1949 3077 2878 3129 Meldepflicht verhalten. Eine eben verlautbarte
1950 3118 2877 3174 Kundmachung desselben Ministeriums setzt die An=
1950 3166 2877 3219 ordnung wieder außer Kraft, so daß demnach die
1950 3213 2772 3267 Meldung bis auf weiteres zu unterbleiben hat.
2283 3332 2563 3406 Meldungen
2383 3399 2452 3449 des
2030 3446 2787 3509 Telegraphen=Korrespondenz-Bureaus.
2148 3513 2683 3575 Czecho=slovakische Republik.
1992 3579 2394 3633 Prag, 26. Dezember.
1994 3624 2880 3678 Eine Verordnung des czecho=slovakischen Gesamt-
1950 3667 2880 3723 ministeriums vom 22. d. M. bestimmt: Alle Per=
1953 3715 2880 3768 sonen welche sich außerhalb des Gebietes der Czecho=
1950 3760 2880 3816 slovakischen Republik begeben wollen, benötigen zu
1950 3808 2880 3861 dieser Reise einen Reisepaß. Der Paß darf nur
1950 3853 2880 3909 jenen Personen ausgefolgt werden, welche durch eine
1950 3898 2880 3951 Bestätigung des zuständigen Steueramtes nachweisen,
1949 3942 2880 3999 daß sie alle bis zu dieser Zeit fülligen Steuern
1953 3987 2880 4044 samt Zuschlägen sowie auch die anderen öffentlichen
1950 4032 2880 4089 Abgaben gänzlich bezahlt haben. Bezüglich
1949 4077 2877 4137 der in der Zukunft fälligen Steuern und öffentlichen
1952 4125 2880 4182 Abgaben ist eine Kaution zu erlegen, deren Höhe das
1956 4170 2880 4228 zuständige Bemessungsamt erster Instanz bestimmt.
1956 4215 2880 4273 Dieser Garantiebetrag ist bei dem Steueramt bar
