2968 4395
2238 91 2838 138 Freitag, den 27. Dezember 1918.
57 170 989 219 oder in heimischen Wertpapieren zu erlegen oder unter
60 215 989 264 Garantie inländischer Geldinstitute zu deponieren.
59 260 989 309 Diese Verordnung tritt am Tage der Veröffentlichung
59 305 225 354 in Kraft.
101 349 510 399 Beru, 25. Dezember.
120 397 988 447 „Nouvelle Correspondance“ meldet aus Paris:
59 443 987 492 Die czechische Republik und das jugoslavische König-
60 491 987 537 reich haben Delegierte entsendet, um über eine
60 535 987 582 militärische und wirtschaftliche Union
60 580 987 630 der Czecho Slovaken und der Jugoslaven
60 629 660 675 eine Verständigung herbeizuführen.
440 727 606 780 Ungarn.
219 785 831 833 (Meldungen des Ung. Tel. Korr. Int.
102 844 579 891 Budapest, 26. Dezember.
105 890 988 942 Staatssetretär Diner-Dénes, der gegenwärtig
57 935 987 987 in Vertretung des Ministerpräsidenten Karolyi das
57 983 988 1035 Ministerium des Äußern leitet, wird, wie verlautet,
57 1028 636 1077 aus dem Amte scheiden.
102 1072 987 1122 Weiter verlautet, daß Frau Rosa Body-
57 1121 987 1167 Schwimmer, die in Bern die ungarische Volks-
57 1165 918 1215 republik vertreten hat, zurückberufen wird.
102 1218 570 1266 Budapest, 26. Dezember.
105 1264 991 1317 Oberstleutnant Vix richtete an die ungarische
60 1310 991 1362 Waffenstillstandskommission eine Zuschrift, worin er
60 1358 990 1407 im Auftrage des Generals Berthelot mitteilt, daß
60 1403 988 1454 das rumänische Oberkommando ermächtigt wurde,
60 1448 994 1500 die Demarkationslinie zu überschreiten. Die Zuschrift
60 1493 990 1542 betont jedoch ausdrücklich, daß die Besetzung der in
61 1541 990 1590 der Zuschrift genannten Orte bloß provisorisch ist und
61 1586 990 1635 so lange dauern wird, bis die Rumänen von französischen
61 1631 990 1680 Truppen abgelöst werden. Die in der Zuschrift be-
63 1676 987 1728 zeichneten Orte sind: Klausenburg, Dees, Szatmär,
63 1721 988 1776 Großwartein, Nagyhanya, Maria-Radna, Arad,
66 1769 636 1815 Margitta und Marmaros-Sziget.
108 1814 987 1863 Die ungarische Regierung steht auf dem Stand-
63 1859 990 1908 punkte, daß die rumänischen Truppen, die an Stelle
64 1904 987 1956 von französischen diese Orte besetzen, verpflichtet sind,
64 1952 993 2001 den Belgrader Waffenstillstandsvertrag vollkommen
64 1997 990 2045 einzuhalten. Demgemäß muß in den besetzten Städten
65 2043 992 2090 die Aufrechterhaltung der Ordnung auch weiter Auf-
65 2091 990 2138 gabe der ungarischen Truppen bleiben. Auch die Ver-
66 2135 992 2183 waltung muß in ungarischen Händen bleiben. Jede
66 2181 991 2231 andere Verfügung, also auch die Aufrechterhaltung
66 2225 990 2273 der Ordnung betreffende Maßnahmen des Komman-
67 2273 990 2319 danten der rumänischen Besetzungstruppen von
67 2318 991 2367 Klausenburg, verstößt gegen den Waffenstillstands-
67 2363 990 2412 vertrag, und die ungarische Regierung erhob deshalb
68 2408 990 2456 Protest. Die Regierung hofft, daß bei Besetzung der
68 2453 990 2502 übrigen Städte eine ähnliche Verletzung des Waffen-
69 2501 751 2550 stillstandsvertrages nicht erfolgen werde.
108 2551 582 2601 Budapest, 26. Dezember.
108 2600 990 2651 Das „8 Uhr-Blatt“ meldet: Das Kriegs-
66 2645 990 2696 ministerium hat an die Militärkommanden der
66 2694 990 2741 auf Grund des Waffenstillstandsvertrages zu räumenden
66 2739 992 2787 Gebiete einen Erlaß gerichtet, worin die neuen Orte
66 2784 993 2831 bezeichnet werden, wohin die einzelnen Militär-
66 2828 993 2880 stationen und Materialien zu befördern sind. Dieser
63 2873 993 2925 Erlaß bezieht sich auch auf die vom französischen
60 2921 987 2970 Oberkommando einseitig durch Demarkations
63 2966 993 3018 linien festgestellten Gebiete. Die Militärbehörden
63 3011 993 3063 werden weiter angewiesen sofern die Besetzungs-
63 3059 993 3108 truppen mit ungesetzlichen Forderungen auftreten und
63 3104 997 3155 auch die Entwaffnung solcher militärischer Kräfte
66 3149 996 3200 verlangen, deren Entwaffnung zu fordern sie nicht
66 3197 993 3246 berechtigt sind, Blutvergießen unbedingt zu vermeiden
65 3242 798 3291 und die Waffen unter Protest abzuliefern.
108 3292 579 3342 Budapest, 26. Dezember.
107 3340 993 3393 In Maros-Ujvar ist es zwischen den rumäni-
68 3386 996 3438 schen Besatzungstruppen und den dortigen
67 3434 993 3483 Bergarbeitern zu einem Konflikt ge-
66 3476 996 3528 kommen, unter denen es Empörung hervorgerufen
65 3524 996 3576 hat, daß der rumänische Kommandant ihren Taglohn
66 3569 995 3618 auf 4 Kronen herabsetzte. Die Bergarbeiter um-
66 3613 993 3666 zingelten die rumänischen regulären Truppen, worauf
63 3661 993 3714 ein Heil der rumänischen Soldaten die Flucht ergriff.
108 3711 586 3762 Budapest, 26. Dezember.
108 3760 995 3813 Blatter berichten aus Groß-Kanizsa, daß die
53 3807 885 3858 Serben die Murinsel besetzt hätten.
108 3858 591 3909 Budapeſt, 26. Dezember.
111 3907 994 3957 Drei große Spitalszüge der in Foth inter-
63 3952 993 4002 nierten Mackensen-Armee wurden auf Befehl
66 3998 993 4047 der Enterte bei Preßburg aufgehalten, und
66 4043 993 4095 man wollte die verwundeten und kranken Soldaten
66 4088 994 4140 unter der Kontrolle der französischen Militärmission
66 4136 994 4188 in ungarischen Spitälern internieren. Nachdem aber
66 4181 993 4230 in den Spitalszügen zumeist Schwerkranke unter-
66 4228 993 4278 gebracht sind, die um jeden Preis in ihre Heimat
66 4273 993 4323 zurückwollten, intervenierte die ungarische Regierung
1011 169 1940 219 bei der französischen Mission im Interesse der
1011 215 1938 264 Weiterleitung der deutschen Spitalszüge. Der Regie
1011 263 1939 308 rungskommissär des Ungarischen Roten Kreuzes Fran
1011 308 1938 357 Michael Karolyi intervenierte persönlich bei dem
1011 352 1938 402 Oberstleutnant Vix. Die Intervention hatte
1011 397 1938 447 Erfolg, so daß die kranken deutschen Soldaten
1011 446 1938 495 bereits vor Weihnachten in Deutschland eingetroffen
1010 490 1101 540 sind.
1053 544 1524 594 Vudapest, 26. Dezember.
1050 590 1935 639 Der gewesene Unterrichtsminister Lovaszy
1010 635 1935 684 erklärte bezüglich der Organiſation der Bügerschaft,
1011 680 1935 729 diese Tätigkeit richte sich keineswegs gegen die organi-
1014 728 1935 776 sierte Arbeiterschaft. Sie sei ausschließlich defensiven
1011 773 1935 821 Charakters, und es werde danach getrachtet, eine
1011 819 1935 866 Vereinbarung mit der sozialdemokratischen Partei zu
1011 867 1935 911 erzielen. Wir wollen, erklärte Lovaszy, nicht um
1011 912 1934 959 Haaresbreite von der bisherigen demokratisch progressiven
1011 957 1934 1004 Richtung abweichen, sondern nur diesen demokratischen
1011 1004 1934 1050 Fortschritt mit nationalem Inhalt füllen. Unsere
1011 1049 1933 1095 Bewegung richtet sich nicht im mindesten gegen
1011 1093 1933 1143 Karolyi wir wollen im Gegenteile den unschätzbar
1011 1141 1932 1191 großen Wert, den sein Name bedeutet, davor schützen,
1011 1186 1932 1236 im Wirbel des politischen Lebens vernichtet zu
1011 1235 1149 1281 werden.
1053 1284 1515 1335 Budapeſt, 26. Dezember.
1050 1331 1932 1383 Staatssekretär im Kultusministerium Juhasz.
1011 1376 1932 1425 Nagy hielt vor seinen Wählern einen Rechenschafts-
1014 1424 1932 1472 bericht, in dem er auf die Notwendigkeit des Zu-
1013 1469 1932 1518 sammenschlußes der kleinen Landwirte und der Land-
1011 1514 1934 1563 arbeiter verwies und betonte, daß dieser die festeste
1011 1562 1934 1611 Grundlage sei, auf der die Staatsgewalt ruhe. Der
1014 1607 1935 1658 Staatssekretär erklärte schließlich, daß das Land zu
1011 1652 1935 1704 einer föderativen Republik umgestaltet werden müsse.
1050 1705 1515 1755 Budapest, 26. Dezember.
1050 1754 1936 1803 Der von der sozialdemokratischen Parteileitung ein-
1011 1799 1937 1851 berufene Landeskongreß der Feldarbeiter
1011 1844 1870 1896 und kleinen Landwirte hat heute stattgefunden.
1052 1892 1938 1941 Staatssekretär Csizmadia kennzeichnete den
1013 1937 1939 1986 Standpunkt der sozialdemokratischen Partei in der
1011 1985 1939 2034 Frage der Bodenreform und führte aus: In
1012 2030 1939 2079 dieser Frage ringen zwei Richtungen um Geltung.
1012 2075 1940 2124 Die eine will alles zum gemeinschaftlichen Eigentum
1014 2120 1941 2169 machen, die andere den Schutz des Privateigentums.
1012 2168 1941 2214 Beides ist verfehlt. Als Sozialist sei Redner An-
1012 2213 1941 2262 hänger des gemeinschaftlichen Eigentums, aber er
1012 2258 1941 2307 wisse, daß dieser Zustand nicht plötzlich erreicht werden
1014 2306 1942 2354 könne; dazu bedürfe es eines Überganges. Man müsse
1014 2351 1941 2399 stufenweise vorwärtsschreiten. Sein Standpunkt sei,
1014 2395 1941 2445 daß man den Grund und Boden wohl enteignen
1012 2441 1944 2490 könne, doch dürfe dies nicht in schonungsloser Weise
1012 2489 1179 2541 geschehen.
1053 2533 1942 2583 Der Kongreß nahm hierauf einstimmig eine von
1012 2579 1941 2628 der sozialdemokratischen Partei beantragte
1014 2624 1941 2673 Resolntion an, die besagt: Jedes unbewegliche
1014 2669 1941 2718 und bewegliche Vermögen ist mit einer einmaligen
1014 2717 1941 2766 Vermögensabgabe nach einem progressiven Schlüssel
1014 2762 1941 2810 zu belegen, der bis 100 t. beträgt. Der Staat
1014 2807 1942 2858 kann die Vermögenssteuer von einem Grundbesitz auch
1014 2852 1942 2903 in Form von Grund und Boden eintre ben. Fideikommisse
1017 2900 1942 2949 sind abzuschaffen, Privatpersonen können nicht mehr
1014 2944 1942 2994 als 500 Joch besitzen. Der Staat kann jeden
1014 2990 1941 3039 Großgrundbesitz über 200 Joch hinaus enteignen.
1014 3035 1941 3084 Er zahlt für den enteigneten Grundbesitz
1017 3083 1941 3131 den festzustellenden Preis in auf Namen
1017 3128 1941 3177 lautenden unveräußerlichen Rentenobligationen. Der
1017 3173 1941 3222 kirchliche Grundbeſitz unterliegt der gleichen Be-
1017 3218 1941 3270 handlung. Durch die Vermögenssteuer sowie durch
1014 3263 1940 3311 Enteignung in den Staatsbesitz gelangende Grund-
1017 3311 1940 3359 stücke sowie die früheren Krongüter gibt der Staat
1017 3353 1940 3405 in Erbpacht. Der berechtigte Anwärter erhält den
1014 3400 1940 3450 Boden gegen eine mäßige Pachtsumme. Grund und
1014 3445 1940 3495 Beden erhalten: Genossenschaften, Konsumgenossen-
1017 3493 1939 3543 schaften, Feldarbeiter, wobei Invalide und Krieger-
1014 3535 1939 3591 witwen, die erwachsene Söhne haben, bevorzugt
1014 3583 1939 3633 werden, städtische Arbeiter und Beamte. Genossen-
1017 3631 1938 3681 schaften können Grundstücke welcher Größe immer,
1014 3676 1939 3726 einzelne Feldarbeiter höchstens 20 Joch, städtische
1014 3717 1872 3771 Arbeiter und Beamte höchstens 10 Joch erhalten.
1053 3771 1524 3822 Budapest, 27. Dezember.
1053 3820 1938 3873 Über eine in später Nachtstunde auf der Raköczy-
1014 3866 1939 3918 straße vorgefallene Schießerei melden die Blätter:
1014 3911 1940 3963 Gestern entstand gegen 11 Uhr Nachts, als sich noch
1014 3959 1940 4011 eine große Menge durch die Rakocaystraße bewegte,
1014 4004 1941 4056 aus einem geringfügigen Wortwechsel ein erregter
1014 4048 1941 4101 Streit, der in eine Schießerei ausartete. Ein Fähnrich
1014 4096 1941 4146 der Volkswache, der an der Spitze einer Wache durch
1014 4141 1938 4191 die Straße zog, ermahnte vor dem „Café Volksoper“
1014 4186 1943 4236 einen Betrunkenen, der mit seinem Messer herum-
1014 4231 1943 4284 fuchtelte, zur Ruhe. Auf den Lärm des
1014 4274 1944 4332 Betrunkenen eilte ein Marinefähnrich,
1959 169 2890 222 der mit dem Wachkommandanten Mittwoch Nachts
1959 215 2886 267 einen Konflikt gehabt hatte, herbei, und es entstand
1959 263 2883 312 ein Streit, in den sich auch das Publikum einmengte.
1959 305 2886 360 Der Marinefähnrich, der etwas angeheitert war, schon
1959 353 2886 405 auf den Wachkommandanten. Die Kugel streifte bloß
1959 398 2888 450 den Aufschlag des Wachkommandanten, der hierauf
1959 446 2888 495 aus Notwehr auf den Marinefähnrich schoß. Dieser
1962 491 2887 543 sank, schwer verwundet, zu Boden, schoß jedoch weiter
1962 536 2888 588 Die Lage wurde inzwischen für die Volkswache immer
1959 581 2886 633 bedrohlicher, so daß es deren Führer für ratsamer
1959 626 2886 678 erachtete, mit der Wache rasch abzuziehen, wobei er
1959 673 2886 723 einige Schüsse in die Luft abgeben ließ. Der
1959 719 2887 771 Mob, der bisher dem Streite ruhig zugesehen
1959 764 2886 816 hatte, fing nun, wie auf ein Zeichen, an, zu schießen.
1962 809 2886 861 Das Publikum flüchtete rasch in die Nebengassen.
1959 857 2886 906 Angeblich sollen aus dem Luther-Palais Schüsse auf
1959 902 2885 954 die Menge abgegeben worden sein, welche hierauf in
1959 947 2885 999 die Fenster des Hauses schoß. Dann wurde es auf
1959 995 2885 1044 der Ratsezystraße plötzlich finster. Polizei und
1959 1040 2748 1089 Volkswache gelang es bald, Ruhe zu schaffen
2001 1085 2884 1137 Wiewohl Sicherheitswache sofort zur Stelle war,
1959 1130 2884 1182 sind doch zwei Todesopfer des nächtlichen Zwischen-
1959 1177 2884 1230 falles zu beklagen, nämlich der Marinefähnrich und
1959 1222 2883 1275 ein Soldat. Fünf Verletzte wurden ins Spital
1956 1267 2127 1314 befördert.
2256 1379 2583 1435 Deutsches Reich.
1998 1437 2432 1491 Berlin, 24. Dezember.
1998 1486 2890 1542 Das Wolffsche Bureau meldet: Zu den gestrigen
1959 1531 2886 1587 und heutigen Vorgängen am Schloßplatz
1959 1576 2886 1632 erfahren wir noch von zuverlässiger Seite: Es ist
1959 1621 2887 1680 Tatsache, daß gestern abend eine Einigung
1959 1669 2886 1722 zwischen den Parteien erzielt zu sein schien. Der
1959 1715 2886 1767 Adjutant des Kommandanten Wels Leutnant Fischer
1959 1759 2886 1815 war mit dem Gefühl aus dem Schlosse weggegangen,
1959 1804 2886 1860 daß alles geordnet sei. Da begann heute morgen plötz-
1959 1853 2886 1905 lich ein heftiges Artilleriefeuer um Schloß und
1959 1898 2883 1950 Marstall, von dem noch kein Mensch weiß, wer es
1959 1943 2883 1995 verschuldet hat General Hofmann soll in einer Unter-
1959 1988 2884 2043 redung mit Ledebour behauptet haben, den Befehl
1962 2033 2883 2088 zum Schießen von der Regierung erhalten zu haben.
1962 2081 2883 2133 Die Regierung bestreitet es aber entschieden.
1959 2125 2883 2178 Wie viele Personen bei den bedauerlichen Zu-
1962 2170 2884 2226 sammenstößen getötet oder verwundet worden
1961 2215 2884 2271 sind, läßt sich bis jetzt noch nicht feststellen.
1962 2260 2884 2316 Von dem Soldatenrate war gestern ein Teil zu den
1962 2309 2884 2361 Matrosen übergegangen. Von den Sicherheits-
1962 2353 2884 2409 mannschaften des Polizeipräsidiums, die gestern
1962 2399 2884 2454 nur Absperrungsmaßnahmen zum Schutze des
1962 2447 2885 2499 Publikums zu treffen hatten, ließ sich ein Teil in
1962 2492 2884 2547 einer Versammlung der Matrosen schließlich bestimmen,
1965 2537 2885 2592 sich mit diesen solidarisch zu erklären. Sie haben an
1962 2582 2885 2637 dem gestr gen Kampfe teilgenommen. Als sie dann
1962 2629 2885 2682 nach Schluß desselben nach dem Reichskanzlerpalais
1962 2678 2886 2727 zogen, gelang es dem Polizeipräsidenten, sie unter-
1962 2723 2886 2772 wegs abzufangen und von der Besetzung des Reichs-
1962 2768 2886 2820 kanzlerpalais zurückzuhalten. Eine Anzahl von ihnen
1961 2813 2886 2868 zog dann anstatt nach dem Polizeipräsidium nach dem
1962 2858 2886 2913 Marstall, blieb die Nacht über dort und hat auch
1962 2905 2886 2958 an der heutigen Schießerei teilgenommen. Zwei Mann
1962 2951 2490 3000 von ihnen sollen gefallen sein.
2000 2996 2886 3051 Im Laufe des heutigen Vormittags fand eine
1962 3040 2886 3096 Sitzung des Kabinettsrates statt, bei
1962 3088 2886 3138 der auch Richard Müller und Cohen (Reuß-
1962 3133 2886 3186 anwesend waren. Es wurde, um eine sofortige Ein-
1965 3178 2887 3234 stellung des Blutvergießens zu erreichen, beschlossen,
1962 3223 2888 3276 daß die Truppen, die nicht in Berlin ihre Garnison
1962 3271 2888 3324 haben, umgehend abrücken sollten. Die Matrosen
1962 3316 2886 3369 bleiben in Berlin. Die anderen Truppen wurden
1962 3361 2157 3408 entwaffnet.
2003 3407 2886 3459 Heute abend sprach Ledebour vor dem Schlosse
1961 3452 2541 3501 vor einer großen Menschenmenge.
2004 3497 2886 3552 Die Schuldfrage ist, wie gesagt, noch unaufgeklärt.
1961 3542 2791 3597 Der Kabinettsrat will sich später damit befassen
2004 3590 2886 3642 Kommandant Wels ist frei. Ob er aber wieder
1962 3635 2886 3687 die Kommandantur übernehmen wird oder ob
1961 3680 2886 3732 Molkenbuhr an seine Stelle tritt, ist noch unbestimmt.
2007 3725 2890 3780 Mit Politik hat die ganze Angelegenheit nichts zu
1974 3772 2886 3825 un Es handelt sich lediglich um eine Löhnungsfrage.
2004 3825 2436 3876 Berlin, 24 Dezember.
2004 3871 2890 3924 Der „Vorwärts“ meldet: In der elften Vor-
1964 3917 2891 3972 mittagsstunde erschienen im Abgeordnetenhause, wo
1965 3965 2890 4016 sich mehrere hundert Marinesoldaten als
1965 4010 2891 4061 Wache des Vollzugsrates aufhalten. Abgesandte der
1965 4055 2889 4106 Marinedivision, die die Wache aufforderten, dem
1965 4100 2889 4151 Schloß und dem Marstall zu Hilfe zu kommen. Es
1965 4147 2889 4197 entspann sich eine lebhafte Debatte, als deren Er-
1965 4192 2886 4242 gebnis sich herausstellte, daß die Matrosen im Ab-
1965 4237 2892 4290 geordnetenhause bleiben und nicht nach dem Schloß
1965 4284 2892 4335 und Marstall ziehen. In der Vorhalle des Ab-
